4175 6209
259 232 317 302 vil
339 235 379 298 39
1064 219 1128 293 eit
1488 240 1535 288 nii
1556 238 1844 289 reinscamrioirn
1864 238 1932 290 m

259 432 321 473 iero
344 415 479 472 debitores
500 417 549 469 aut
570 412 681 468 heredes
703 427 796 468 eorum
819 411 920 480 primos
937 410 979 465 iel
1002 409 1071 463 ulte·
1124 414 1139 463 6
1173 410 1202 463 in
1224 423 1285 464 eum
1308 422 1390 476 super
1407 422 1440 462 eo
1457 406 1548 463 debito
1566 408 1717 463 motionem
1805 407 1867 463 suit.
1904 408 1936 464 ln

258 486 360 541 riores¹
383 482 464 538 nullis
488 480 610 551 expirare
632 481 778 536 lustrorum
802 478 938 548 cursibus:
962 484 1073 533 nostrae
1123 477 1165 531 his
1182 477 1262 532 etiam
1279 475 1501 545 promissionibus
1518 477 1560 531 rel
1580 475 1675 543 legatis
1691 475 1733 530 rel
1785 475 1800 490 '¹
1834 475 1935 546 eilge

258 551 418 624 provisionis
441 565 501 606 esee
518 549 702 618 perspeximus
724 547 777 603 hoc
796 561 903 615 quoque
921 544 1072 609 emendare,
1123 544 1251 609 tionibus,
1268 557 1338 626 quae
1356 542 1490 599 dationem
1507 559 1556 614 per
1570 544 1689 614 singulos
1704 558 1791 599 annos
1804 544 1847 599 iel
1861 559 1935 599 men·

258 637 293 677 nc
315 633 487 690 possessores
509 617 639 672 musmodl
656 630 740 686 prope
757 613 902 670 immortali
919 615 1014 668 timore
1030 619 1072 668 te·
1123 627 1167 667 ses
1184 615 1233 667 aut
1249 611 1357 680 aliquod
1375 611 1510 682 singulm
1526 617 1632 681 tempus
1647 611 1795 676 continent,
1813 618 1936 682 ternpore

261 695 272 742 t
302 694 424 743 neentur.
455 686 633 755 Quamobrem
645 685 768 740 iubemus
782 682 995 752 hypothecarum
1010 695 1071 751 per·
1122 686 1330 736 memoratarum
1353 679 1597 749 praescriptionum
1620 695 1675 735 non
1692 680 1727 735 ab
1745 680 1855 735 exordio
1872 680 1935 734 talis

259 756 440 820 secutionem,
467 769 536 833 quae
562 767 651 807 rerum
677 756 799 806 moretur
822 750 910 820 grstia
933 750 974 804 rel
1000 749 1073 804 aud
1123 747 1308 817 obligationis,
1332 746 1380 802 sed
1402 748 1438 802 ab
1457 747 1532 803 initio
1551 747 1682 817 cuiusque
1699 747 1762 801 anni
1779 748 1821 802 rel
1837 749 1935 804 mensis

259 824 394 881 debitores
412 822 613 878 consistentium
631 820 672 874 vel
692 819 765 888 apud
783 817 933 873 debitorum
950 817 1000 872 ber
1034 832 1072 881 es,
1122 816 1164 872 rel
1178 815 1292 871 alterius
1307 816 1452 885 singularis
1467 816 1754 897 temporiscomputerl
1763 815 1937 870 manifestum

259 908 315 949 non
339 892 412 946 ultra
438 889 614 959 quadraginta
639 902 739 951 annos,
772 901 807 941 ex
838 902 890 954 quo
920 889 1073 954 competere
1123 889 1137 936 t
1166 891 1215 939 est.
1248 883 1331 938 Nullo
1348 883 1453 938 scilicet
1470 882 1560 938 danda
1577 882 1687 938 licentia
1704 883 1746 938 rel
1763 883 1796 948 ai,
1814 883 1862 953 qui
1878 882 1936 938 lure

259 956 622 1093 sithtricius*
641 954 1073 1077 restitistihtttirttt
1122 951 1321 1088 {mitit
1338 951 1593 1083 ”mhiflllhhlii
1606 950 1784 1073 “lm
1795 952 1936 1077 metti

259 1093 469 1167 persecutionis,
493 1108 562 1161 quae
584 1066 782 1146 in'debitoiem
807 1093 856 1144 aut
878 1039 991 1144 herides
1014 1089 1072 1144 eius
1122 1092 1244 1158 tempore
1270 1086 1416 1142 dominium
1441 1087 1494 1141 sibi
1518 1087 1547 1141 in
1570 1086 1655 1141 isdem
1677 1086 1758 1142 rebus
1802 1087 1935 1142 muitum

260 1177 383 1235 quaeque
400 1168 521 1216 movetur
537 1160 566 1214 in
583 1164 737 1223 extraneos,
761 1158 788 1211 in
812 1158 869 1212 solo
887 1157 924 1211 sit
940 1172 1072 1212 annorum
1123 1170 1182 1212 esse
1209 1171 1271 1209 cuni
1287 1155 1316 1210 in
1333 1154 1427 1210 eodeni
1444 1160 1517 1209 statu
1534 1170 1590 1209 sem
1656 1169 1765 1210 manere
1817 1160 1860 1210 tas
1876 1155 1937 1210 inre

260 1245 384 1295 numero,
409 1244 499 1283 verum
521 1229 549 1282 in
571 1227 632 1282 aliis
650 1226 773 1282 omnibus
791 1226 870 1280 ambo
888 1225 986 1280 simsses
1004 1225 1070 1279 sint:
1123 1197 1321 1293 emphyteutico
1339 1238 1383 1278 res
1401 1226 1539 1304 oporteat,
1557 1238 1589 1276 re
1621 1222 1780 1277 conductori
1800 1237 1850 1277 seu
1872 1237 1935 1291 pro·

259 1300 288 1354 in
310 1297 417 1380 actione
440 1296 545 1378 scilicet
558 1294 702 1376 ,personali
725 1294 767 1374 his
785 1293 982 1376 custodiendis,
1002 1306 1072 1362 quae
1124 1292 1243 1347 curatori
1273 1305 1371 1373 reruni·
1394 1290 1541 1345 ahenarum
1573 1289 1679 1345 dicendi
1706 1305 1937 1412 exmqgocumqne

260 1359 1072 1496 intermittitur,truttmmtrtttt
1123 1357 1936 1509 ,tlttltptttlrrtttiiltittdtmitti

261 1518 296 1558 an
315 1501 430 1557 creditor
447 1501 583 1555 anteriora
600 1499 660 1554 iura
677 1497 856 1567 praetendens
873 1500 965 1567 potest
981 1499 1072 1566 poste·
1123 1510 1180 1575 reci
1199 1510 1244 1550 ers
1268 1508 1328 1550 eam
1350 1494 1470 1549 reddere.
1515 1493 1549 1550 D.
1567 1493 1594 1549 lc.
1612 1492 1677 1549 Dee.
1697 1491 1934 1566 Oomtmampct

261 1569 357 1652 sionem
386 1568 545 1650 creditorem
568 1567 749 1648 hypothecam
778 1569 913 1647 tenentem
943 1572 971 1619 et
998 1564 1074 1645 ultra
1123 1561 1280 1664 Pictorem
1308 1569 1336 1617 ct
1352 1559 1446 1643 Ρνρὺο
1464 1578 1552 1618 eones.
1821 1566 1857 1627 [a.
1876 1565 1935 1644 5251

260 1637 930 1783 hmtctttutttthtttltmtttl
945 1631 1073 1754 itii
1124 1627 1722 1781 michlftiwioiilim‘fti‘b‘tii·
1742 1630 1936 1768 buttem

261 1777 296 1828 la
331 1777 357 1825 et
373 1771 426 1827 boc
444 1771 577 1825 dirimere,
612 1769 650 1824 Et
672 1769 820 1837 sancimus,
844 1767 931 1823 donec
955 1783 1071 1823 eommu-
1125 1769 1281 1821 contractus
1304 1764 1383 1820 titulo
1406 1780 1461 1820 rem
1484 1767 1603 1835 ahqnam
1621 1767 1692 1820 bona
1708 1765 1762 1820 lide
1778 1782 1828 1834 per
1844 1765 1935 1821 decem

262 1839 304 1895 nis
327 1839 434 1894 debitor
450 1838 526 1902 sirit,
550 1855 605 1894 non
626 1852 707 1907 posse
729 1836 854 1891 creditori
878 1836 1005 1891 anteriori
1024 1835 1071 1889 tri·
1122 1833 1164 1889 rel
1181 1833 1274 1901 viginti
1290 1849 1377 1889 annos
1395 1833 1544 1910 possederit
1560 1838 1588 1889 ct
1605 1833 1677 1901 longi
1694 1835 1822 1903 temporis
1838 1847 1934 1903 excep·

261 1908 337 1976 ginta
353 1923 485 1962 annorum
504 1906 687 1976 exceptionem
706 1906 818 1985 opponi,
842 1903 889 1958 sed
907 1904 996 1959 locurn
1014 1918 1073 1958 esse
1123 1901 1232 1981 tionem·
1247 1907 1342 1957 centn
1364 1901 1487 1957 dominos
1504 1903 1561 1956 eius
1578 1902 1621 1957 rel
1639 1901 1822 1956 creditoresh
1859 1901 1934 1956 otiie-

262 1974 441 2045 quadreginta
459 1990 590 2028 annornm
609 1972 827 2043 praescriptioni,
851 1972 923 2042 quia,
947 1972 1010 2026 duni
1028 1970 1074 2025 ille
1123 1984 1182 2024 cam
1209 1985 1266 2024 eius
1292 1968 1498 2040 praetendentes
1525 1969 1577 2024 sibi
1602 1968 1761 2038 adquisierit
1788 1917 1936 2038 piisque

262 2043 340 2108 risit,
363 2042 459 2097 meiito
477 2042 596 2096 anterior
614 2041 730 2096 creditor
748 2039 864 2106 contidit,
889 2043 983 2109 utpote
1000 2039 1072 2110 apud
1124 2037 1236 2093 fortuito
1255 2053 1321 2093 casu
1337 2037 1534 2108 possessionem
1551 2037 1610 2092 mus
1627 2037 1666 2091 rei
1683 2036 1838 2106 perdiderit,
1856 2051 1936 2106 posse

262 2109 410 2165 debitorem
433 2111 490 2164 eius
513 2110 683 2190 possessione
707 2123 755 2177 per
780 2108 957 2188 posteriorem
987 2107 1073 2162 eredi-
1123 2120 1184 2161 eum
1210 2106 1291 2160 etiam
1315 2105 1451 2161 actionem
1478 2104 1723 2187 adnrindicandam
1745 2103 1858 2188 eandem
1880 2120 1936 2185 ran

263 2178 295 2231 ib
334 2185 420 2233 torem
444 2181 599 2232 constituta.
642 2175 685 2230 Ex
708 2193 761 2246 quo
783 2181 872 2230 autern
896 2192 924 2231 ru
948 2176 1006 2230 iata
1023 2191 1073 2230 sua
1122 2173 1223 2229 habere
1240 2172 1385 2229 sancimus.
1416 2174 1468 2228 hoc
1485 2189 1555 2227 enini
1572 2177 1601 2228 et
1617 2178 1719 2227 veteres
1736 2171 1817 2241 leges,
1835 2187 1858 2226 ei
1876 2189 1936 2242 quis

262 2245 368 2301 debitor
391 2245 550 2307 decesserit,
574 2260 607 2299 ex
630 2260 662 2299 eo
686 2245 765 2312 quasi
788 2259 838 2298 suo
861 2243 968 2299 nomine
985 2243 1073 2323 possi·
1126 2249 1137 2296 l
1174 2256 1220 2297 aas
1244 2246 1320 2297 reete
1337 2241 1493 2363 inspexerih
1516 2241 1681 2296 candebant.
1724 2238 1802 2308 Quod
1827 2241 1850 2295 si
1877 2241 1936 2309 quie

262 2313 367 2368 dentem
385 2314 561 2383 posteriorem
579 2312 737 2368 creditorem
755 2311 849 2366 merito
866 2327 947 2381 posse
964 2313 1074 2381 triginta
1124 2325 1182 2365 sani
1199 2324 1254 2364 reni
1273 2308 1382 2365 desierit
1398 2309 1473 2379 possi
1493 2323 1546 2375 ere,
1564 2310 1641 2364 cuius
1658 2307 1782 2363 dominus
1797 2308 1838 2362 rel
1853 2308 1876 2363 ie
1891 2308 1936 2378 qni

262 2397 554 2503 {momffqwgmm
580 2379 852 2502 pmfflcgiifliinemtc
871 2385 900 2434 et
925 2379 1073 2502 secmariis&
1124 2378 1368 2515 Quanam
1385 2375 1799 2509 habeiigtltsgsrceeflp'dopgwbffi
1807 2376 1870 2498 ιο).
1888 2390 1935 2499 (ὦ

262 2464 404 2580 higdeni,
419 2465 458 2571 ¹iret
476 2462 1073 2585 iimpercsooiguquicieiiimsuanqligiffirilorcm·
1124 2529 1177 2569 non
1195 2460 1492 2581 indiscretisfusnedeipum
1508 2459 1794 2568 modestissimum
1814 2512 1839 2566 ei
1857 2526 1935 2593 prae·

262 2583 333 2639 ditor
355 2583 465 2652 triginta
488 2598 588 2648 annos,
612 2599 680 2653 quos
703 2584 762 2651 ipse
785 2591 848 2654 post
869 2589 981 2639 mortem
999 2581 1073 2637 debi·
1124 2585 1198 2637 sture
1215 2584 1381 2648 consumunt
1403 2587 1446 2645 ut,
1470 2581 1495 2635 si
1517 2580 1623 2650 quidem
1647 2581 1719 2636 bona
1735 2579 1789 2636 tide
1806 2580 1841 2634 ab
1857 2579 1936 2634 initio

262 2651 329 2707 toris
342 2651 471 2734 possedit,
486 2659 618 2733 opponat:
638 2652 679 2705 sin
689 2659 779 2705 autem
789 2651 951 2732 coniungere
961 2651 1075 2732 uoluerit
1124 2664 1182 2703 eam
1200 2663 1256 2703 rem
1269 2649 1366 2715 tenuit,
1381 2648 1461 2704 simili
1475 2648 1566 2731 possit
1576 2647 1635 2729 uti’
1650 2646 1795 2728 praesidio,
1813 2648 1855 2703 sin
1872 2662 1936 2728 rere

262 2725 684 2867 tiltttthtttttt
699 2718 1074 2868 {tituilltlttttt
1123 2715 1271 2867 diuiti
1282 2717 1539 2866 ἰῖωωωέἒὲἑὲἔὲῑ
1554 2715 1936 2867 itihiptdffiitif

262 2861 306 2909 tor
323 2856 364 2909 rel
382 2871 529 2910 commums
547 2854 653 2910 debitor
671 2854 793 2920 detinuit,
813 2863 879 2909 tunc
896 2871 932 2924 qu
1045 2860 1076 2909 ts
1124 2868 1175 2908 nne
1201 2854 1236 2908 ab
1260 2853 1336 2909 mitio
1360 2853 1412 2907 fnit
1433 2853 1475 2909 rel
1497 2857 1666 2922 suppositam
1688 2867 1747 2907 eain
1768 2851 1886 2907 habebat
1909 2858 1935 2906 et

262 2938 394 2977 annorum
412 2923 577 2992 exceptionis
595 2923 655 2977 iurs
669 2922 782 2978 tractari
796 2928 831 2989 et,
851 2927 982 2992 quantum
1016 2931 1075 2978 sest
1125 2926 1287 2976 memoratae
1300 2920 1465 2990 exceptionis
1480 2920 1643 2976 necessitate
1656 2920 1785 2990 expulsus
1800 2925 1849 2987 est,
1863 2935 1934 2975 coni·

263 2989 298 3045 ed
314 2990 490 3061 quadraginta
507 3006 638 3044 annorum
655 2991 866 3059 possessionem,
883 3006 933 3061 pei
950 3006 1029 3060 quam
1048 2995 1076 3045 et
1126 2992 1160 3042 ta
1193 2988 1301 3044 niodum
1318 2987 1478 3043 detentionis
1495 2986 1548 3043 eibi
1565 2987 1698 3056 adquirat.
1729 2986 1777 3042 Sin
1794 3002 1857 3041 rero
1875 2987 1934 3042 nul·

262 3057 321 3129 lpse
345 3059 449 3114 debitor
473 3058 632 3113 creditorem
655 3059 785 3128 repellere
807 3061 953 3128 potucrst⁸
976 3060 1026 3113 hec
1044 3074 1075 3114 se
1124 3056 1179 3113 lum
1205 3056 1247 3111 ius
1272 3057 1301 3110 in
1326 3056 1419 3110 eadem
1443 3070 1473 3111 re
1495 3070 1663 3124 quocumque
1686 3061 1807 3124 tempore
1832 3054 1935 3121 babuit,

263 3130 278 3180 3
313 3126 466 3195 pessedisse
483 3127 615 3182 ostendat.
657 3124 760 3180 Eodem
779 3127 838 3181 iure
855 3142 906 3195 pro
922 3128 1075 3196 temporum
1124 3129 1190 3180 tnnc
1215 3124 1324 3178 licentia
1349 3125 1386 3178 sit
1411 3123 1496 3192 priori
1521 3122 1628 3204 domino
1654 3122 1696 3178 sel
1723 3121 1936 3245 creditoriffli

263 3194 463 3264 computatione
495 3193 660 3248 obseruando
693 3199 720 3247 et
748 3194 770 3247 si
797 3194 932 3263 posterior
957 3193 1076 3248 creditor
1124 3191 1230 3246 nomine
1247 3191 1415 3262 hypothecae
1433 3207 1489 3245 rem
1506 3191 1651 3258 obligstam
1666 3190 1771 3253 babuit,
1790 3194 1818 3244 et
1831 3191 1865 3244 he
1915 3192 1934 3232 '-

262 3261 390 3316 anteriori
413 3261 539 3316 creditori
561 3262 658 3316 offerre
681 3261 800 3315 debitum
817 3266 930 3330 paratus
948 3265 990 3317 est
1007 3261 1074 3316 etia
1125 3260 1176 3315 bns
1193 3274 1286 3315 eorum
1304 3260 1339 3314 ab
1355 3258 1454 3314 iniusto
1473 3258 1611 3313 detentore
1630 3272 1689 3312 seni
1706 3257 1857 3322 vindicare,
1881 3273 1935 3313 non

262 3327 378 3385 creditor
406 3329 560 3398 longaevam
586 3329 763 3399 possessionis
789 3330 1027 3399 praescriptionem
1050 3330 1075 3385 el
1124 3327 1272 3383 obsistente
1294 3328 1329 3388 ei,
1350 3326 1421 3397 quod
1437 3328 1513 3396 prior
1524 3342 1668 3408 possessor
1684 3325 1794 3395 triginta
1811 3325 1852 3380 rel
1870 3340 1935 3396 qus-

262 3402 279 3519 ?
303 3410 450 3518 ἅψατο
468 3399 590 3517 ωέιεξητ.
618 3394 688 3518 mid
705 3396 873 3520 auteigaplug
891 3412 971 3478 quem
989 3398 1074 3519 mzni·
1123 3394 1248 3516 draginta
1272 3410 1403 3450 annorum
1427 3401 1584 3476 exceptione
1587 3410 1676 3517 tscuni!
1696 3399 1868 3514 removeratti
1885 3393 1937 3448 nixi

262 3479 313 3611 ,ii
336 3468 427 3610 uqi}
445 3471 1074 3613 tlittlttitrihtftttetcl:
1124 3472 1320 3586 ,bittit
1338 3461 1848 3632 thliihiqihnliuitiiih
1861 3475 1935 3597 ,ili

263 3596 450 3667 stipulationes
477 3604 505 3651 et
530 3598 722 3667 promissiones
747 3600 790 3653 iel
815 3605 896 3667 pacta
927 3604 1073 3669 ponuntur,
1124 3613 1276 3668 possessor,
1299 3614 1346 3667 qui
1362 3601 1391 3654 et
1407 3605 1479 3663 uicit,
1496 3612 1530 3654 ea
1548 3598 1561 3631 ⁰
1577 3611 1748 3667 possessione
1765 3596 1870 3660 cecidit,
1889 3611 1936 3652 ex·

262 3669 326 3735 post
343 3664 508 3720 condicionis
526 3665 627 3720 exitum
645 3668 687 3720 vel
709 3674 771 3736 post
787 3666 927 3721 institutes
944 3667 997 3723 diei
1015 3683 1073 3723 cer·
1125 3671 1139 3719 2
1175 3665 1298 3736 ceptione
1316 3665 1435 3721 munitus
1453 3666 1496 3720 sit.
1522 3665 1576 3720 Sed
1593 3665 1661 3720 haec
1677 3679 1760 3735 super
1775 3663 1829 3719 illis
1844 3665 1935 3719 deten-

262 3740 308 3787 tae
324 3731 366 3786 rel
383 3731 502 3788 incertae
519 3733 625 3804 lapsum
645 3732 872 3805 praescriptiones
895 3736 1003 3805 triginta
1025 3742 1073 3790 aut
1124 3733 1228 3791 toribus
1256 3748 1408 3798 censemus,
1435 3734 1481 3804 qui
1507 3733 1564 3788 sine
1589 3732 1716 3787 violentia
1741 3732 1854 3787 eandem
1879 3747 1935 3787 rem

281 3798 441 3925 minti
463 3815 609 3866 annorum,
632 3817 702 3871 quae
725 3803 912 3871 personalibus
931 3804 973 3858 rel
989 3804 1072 3883 hypo·
1124 3802 1216 3856 nancti
1242 3807 1314 3856 sunt
1359 3816 1421 3855 nani
1447 3800 1471 3855 si
1495 3801 1555 3870 quis
1578 3800 1707 3856 violenter
1732 3815 1791 3859 eam
1817 3799 1935 3864 abstulit,

262 3820 293 3923 di
358 3867 365 3881 '
412 3869 566 3924 actionibus
590 3875 765 3940 opponuntur
801 3870 905 3924 initium
927 3871 1071 3939 accipiunt.
1124 3867 1276 3923 omnimode
1298 3869 1390 3924 licebit
1411 3870 1494 3938 priori
1531 3868 1661 3924 ossessori
1677 3868 1736 3923 sine
1754 3868 1809 3923 ulla
1826 3867 1934 3923 distinc-

261 3942 309 4017 to·
330 3934 408 4018 Unde
420 3936 515 4002 evenit,
534 3943 565 3992 ut
578 3937 607 3992 in
623 3911 807 4018 matrimoniis,
825 3937 853 3992 iii
870 3938 967 4008 quibus
985 3938 1072 3992 redhi-
1124 3939 1139 3988 3
1166 3936 1240 3991 tione
1257 3951 1316 3991 esni
1333 3936 1477 4017 vindicare.
1503 3885 1557 3990 god
1574 3942 1603 3991 et
1618 3937 1642 3991 si
1660 3935 1720 4005 quis
1739 3952 1792 3991 non
1809 3951 1861 4005 per
1876 3935 1935 4002 rim,

262 4004 328 4060 bltio
345 4004 415 4060 dotis
434 4004 475 4059 vel
489 4009 553 4060 ante
567 4011 677 4074 nuptias
691 4003 844 4061 donationis
856 4005 884 4060 iii
899 4006 969 4061 dieni
985 4006 1072 4060 incer-
1124 4002 1172 4058 sed
1194 4003 1328 4059 sententia
1350 4004 1444 4059 indicis
1469 4019 1528 4058 eam
1546 4003 1674 4071 detinuit,
1698 4018 1731 4058 ea
1748 4008 1838 4057 tamen
1856 4016 1933 4058 ocos·

261 4080 317 4127 tam
333 4074 427 4128 mortis
444 4072 487 4128 vel
503 4073 606 4146 repudii
625 4071 726 4128 differri
744 4072 857 4140 adsolet,
874 4079 938 4143 post
958 4073 1073 4142 coniugii
1124 4072 1211 4133 sione,
1238 4071 1311 4141 quod
1333 4072 1432 4127 absens
1457 4073 1533 4140 prior
1592 4086 1697 4128 ssessor
1719 4074 1777 4128 et¹⁸
1803 4071 1837 4125 ad
1862 4071 1934 4124 litem

261 4139 465 4221 dissolutionem
491 4141 636 4196 earundem
669 4140 803 4202 cumicnla
832 4140 1073 4210 praescriptionum
1123 4145 1235 4194 vocatus
1251 4138 1359 4194 mininie
1375 4139 1523 4221 respondit,
1562 4140 1633 4196 oebit
1646 4139 1671 4195 ei
1685 4139 1720 4194 ad
1737 4133 1934 4194 similitudinem

261 4207 450 4278 personahbus
466 4208 558 4265 itidem
575 4207 728 4264 actionibus
746 4208 787 4262 iel
807 4208 1007 4279 hypothecariis
1024 4224 1073 4278 op·
1124 4210 1287 4274 ceterorum,
1313 4207 1360 4277 qui
1381 4222 1422 4261 rei
1443 4206 1589 4263 dominium
1610 4208 1712 4263 habent
1746 4207 1818 4260 intra
1835 4220 1934 4260 annum

262 4281 277 4328 5
358 4275 507 4331 nendsrum
538 4276 677 4346 incipiant
725 4275 808 4331 Immo
836 4281 864 4331 et
886 4275 955 4331 illud
979 4276 1074 4345 procul
1123 4290 1153 4328 se
1183 4273 1306 4330 offerenti
1338 4275 1542 4344 cautionemque
1569 4248 1756 4345 suscipiendae
1780 4272 1834 4327 litis
1860 4272 1935 4328 danti

263 4290 412 4408 dubssoest,
424 4343 551 4426 ¹quodsi
586 4345 629 4399 uis
647 4359 747 4412 eorum,
764 4344 863 4426 qulbus
876 4343 978 4423 aliquid
992 4343 1074 4400 debe·
1124 4342 1235 4397 eandem
1249 4358 1304 4397 reni
1318 4342 1374 4398 reci
1395 4358 1440 4397 ere
1454 4358 1588 4425 superque
1601 4358 1635 4424 ea
1647 4340 1836 4423 cognitionalis
1843 4340 1936 4395 subire

261 4412 460 4534 territt-¹
477 4427 566 4492 suin
582 4420 634 4534 ἐξ*
651 4412 709 4534 ⁸¹¹3?
726 4411 1001 4534 limic‘ii‘ii'i
1025 4426 1075 4494 ¹³⁹¹
1124 4410 1330 4547 inl-‘lim'
1392 4418 1560 4534 “Sirim
1583 4414 1793 4532 mimiiiffli
1808 4408 1936 4530 Ἥ

261 4548 285 4602 si
308 4547 395 4601 minus
417 4494 534 4628 qfflouiinqitn
544 4495 720 4627 tiigiiiirlilpieol·
740 4494 919 4629 quiriroeagnits
935 4495 1075 4613 aggeri&
1124 4561 1224 4602 usurae
1240 4493 1482 4628 priffiaesunt,
1506 4562 1539 4601 ex
1560 4491 1610 4600 psssligi
1630 4491 1872 4626 &potissimis
1890 4558 1936 4599 ca·

261 4614 346 4669 inulto
363 4627 461 4682 inagis,
484 4629 565 4683 quani
583 4629 607 4668 si
623 4618 697 4670 meet
713 4619 873 4683 mterrnptio
890 4630 940 4685 per
958 4630 1073 4670 conven-
1124 4628 1188 4684 pere
1206 4629 1356 4678 sancimus,
1380 4629 1413 4669 ex
1454 4631 1489 4670 uo
1514 4614 1619 4669 debitor
1636 4629 1735 4670 usuras
1751 4612 1860 4668 miurme
1876 4627 1935 4681 per

260 4682 362 4737 tionem
375 4681 537 4762 introductu,
555 4696 615 4735 cuni
628 4680 683 4761 litis
699 4682 922 4738 contestationem
935 4683 1074 4738 imitatnr⁴
1123 4681 1212 4738 solrit
1253 4680 1286 4737 Il.
1307 4696 1349 4738 111
1368 4681 1404 4737 id.
1429 4632 1492 4738 icc.
1520 4680 1760 4755 Constantinopoli
1782 4680 1827 4734 dii.
1852 4677 1935 4733 Iasti-

262 4755 295 4804 δα
331 4763 363 4803 ea
381 4749 507 4804 detentio.
535 4748 588 4803 Sed
602 4749 738 4818 etsiquis
756 4749 906 4806 debitorum
924 4750 959 4806 ad
976 4766 1073 4821 agnos·
1123 4749 1208 4805 aiano
1225 4752 1258 4806 Α
1277 4764 1306 4805 1!
1320 4765 1394 4805 coos.
1821 4751 1856 4811 (α.
1875 4749 1935 4812 ost]

261 4815 376 4871 cendum
400 4832 478 4871 suuni
500 4816 619 4871 debitum
637 4816 782 4872 secundam
800 4818 951 4874 cantionem
969 4818 996 4873 in
1015 4834 1073 4876 cre·
1157 4814 1273 4877 Sidera
1290 4820 1322 4873 Α.
1345 4816 1589 4889 ilemcrtltcirs'p.
1631 4817 1718 4886 Saepe
1758 4814 1849 4871 uidem
1872 4828 1935 4869 suos

262 4883 375 4938 ditorem
390 4886 552 4953 exposuerit,
568 4888 690 4953 tempora
703 4892 910 4941 memoratarum
920 4887 1072 4956 praescrip·
1124 4884 1256 4942 obnoxios
1279 4886 1307 4940 in
1330 4884 1458 4940 iudicium
1475 4900 1561 4940 rocaii
1626 4891 1654 4940 et
1676 4884 1733 4939 iudi
1792 4883 1808 4897 '‘
1848 4887 1934 4937 certa·

261 4949 365 5005 tionum
373 4951 523 5020 interrupta
532 4966 591 5006 esse
599 4952 1073 5024 ridebuntur,quantumadpriorem
1124 4954 1240 5009 minibus
1257 4952 1391 5008 ventiletis
1414 4968 1469 5008 non
1489 4952 1524 5007 ad
1542 4959 1644 5007 certum
1662 4951 1741 5006 linem
1757 4952 1818 5006 lites
1835 4950 1934 5029 produ·

262 5017 412 5099 cautionem
428 5020 553 5087 pertinet,
571 5034 641 5089 quae
654 5020 758 5076 scilicet
773 5020 902 5076 innovate
918 5022 1073 5103 permansit,
1124 5023 1224 5077 cebant
1233 5024 1261 5084 ¹²,
1285 5021 1332 5076 sed
1355 5020 1542 5076 taciturnitate
1564 5020 1592 5074 in
1614 5019 1702 5074 medio
1722 5029 1842 5088 tempore
1859 5017 1934 5072 adlii·

260 5090 317 5142 tam
334 5101 362 5139 in
379 5087 569 5168 personalibus
592 5102 672 5157 quam
694 5088 722 5143 in
744 5088 942 5170 hypothecariis
959 5089 1073 5144 actioni·
1123 5089 1195 5154 bita,
1237 5093 1329 5168 reptes
1351 5089 1497 5159 potentiam
1519 5088 1591 5144 torte
1614 5086 1771 5157 fugientium
1795 5085 1935 5167 uslausei

260 5156 321 5234 bus.
349 5157 627 5237 namqueimprobum
640 5158 684 5213 est
697 5156 863 5235 debitorem⁸
880 5156 1073 5224 contradicere,
1123 5157 1160 5212 ini
1196 5106 1384 5210 ciiitstemrel
1397 5157 1466 5212 ilios
1480 5169 1757 5234 quoscumquecssus
1770 5157 1844 5220 (euni
1854 5157 1935 5232 serbe

260 5238 319 5292 qui,
343 5236 378 5276 ne
400 5222 451 5276 sub
475 5229 649 5280 accusatione
671 5224 829 5279 creditoris⁰
846 5224 902 5289 liat,
927 5225 1074 5280 secundani
1124 5224 1258 5279 hunisnae
1274 5223 1448 5290 multisunt,
1465 5225 1632 5293 quae¹³nee
1649 5222 1701 5276 dici
1719 5235 1769 5274 nec
1786 5235 1935 5275 enumerari

1254 5340 1414 5347 mx»
1425 5339 1625 5348 -.-........--—0-
1640 5338 1703 5345 σω...»
1753 5339 1757 5342 -
1767 5337 1783 5343 -
1794 5335 1928 5343 ...ιι-...μ-

260 5397 292 5458 (i)
309 5395 347 5447 sic
366 5394 422 5456 cit,
446 5409 533 5446 eorum
551 5395 596 5446 ina
615 5394 641 5445 P
722 5394 756 5460 (t)
773 5397 810 5446 ric
830 5395 861 5458 O,
884 5397 1073 5462 oompututicne
1123 5395 1158 5459 (t)
1175 5395 1248 5462 iauqc
1264 5399 1290 5461 4,
1307 5406 1345 5462 sa,
1362 5407 1390 5449 se
1475 5397 1511 5460 (si
1529 5397 1566 5448 sic
1586 5394 1631 5448 GR
1649 5411 1702 5445 carn
1721 5393 1747 5444 B
1763 5390 1858 5458 (m),
1878 5405 1936 5442 een·

260 5466 336 5528 temp.
350 5461 492 5514 adhibendi
505 5461 554 5515 PR
605 5461 725 5526 (eleicO,
741 5462 1074 5530 postremissumis*
1122 5462 1218 5514 icimur
1234 5462 1261 5514 Ρ
1340 5463 1375 5531 (θ)
1393 5463 1461 5515 tucri
1478 5464 1511 5515 P‘
1527 5474 1613 5515 matra
1631 5462 1659 5514 Β
1675 5461 1710 5526 (ie
1717 5462 1760 5525 re.)
1842 5459 1892 5526 (tt)
1908 5473 1937 5510 es

260 5530 415 5594 (tiricP'O,
423 5528 629 5582 contestationem
644 5530 721 5593 (·-ne
733 5527 818 5596 me)
831 5530 1073 5584 introducaturP‘R
1127 5531 1161 5583 0·
1179 5549 1230 5581 asor
1248 5531 1275 5583 B
1291 5531 1326 5594 (a.
1334 5534 1385 5597 st),
1402 5545 1456 5583 cam
1475 5530 1531 5595 PR,
1548 5545 1564 5582 a
1584 5525 1616 5583 t*
1695 5530 1739 5592 (ii)
1756 5530 1782 5579 et
1801 5528 1892 5580 Oeen
1910 5526 1937 5578 B

261 5596 295 5661 (e)
311 5599 349 5649 ric
365 5597 411 5661 Pe,
428 5598 497 5648 hune
515 5600 560 5649 iiii.
578 5596 664 5648 Poe
718 5598 753 5662 (e)
770 5597 902 5650 creditoris
919 5598 1002 5663 ΡΨ,
1018 5615 1072 5649 ιιιο·
1123 5599 1158 5664 (κ.
1166 5601 1215 5663 π),
1232 5618 1278 5651 ora.
1296 5598 1345 5651 PR
1395 5601 1442 5666 (tt)
1458 5598 1602 5666 pmdreunt
1620 5597 1647 5649 B
1665 5598 1699 5658 (x.
1707 5597 1748 5656 π.)
1798 5595 1845 5661 (tt)
1861 5593 1936 5645 multi

261 5678 304 5714 rae
325 5664 455 5715 creditoris
483 5662 561 5723 (ΗΡ,
586 5663 707 5714 debitoris
730 5662 772 5727 Ρ,
790 5680 874 5716 morae
897 5665 1016 5717 debitoris
1036 5664 1073 5716 R·
1122 5668 1182 5715 eunt
1199 5665 1243 5728 qni
1262 5667 1289 5719 B
1306 5668 1391 5727 (ml
