4175 6209
209 206 431 257 rnermnuro
1021 180 1081 256 tib
1787 192 1836 257 lll
1859 194 1898 257 28

212 372 421 439 instituendam,
445 379 535 426 mmen
552 385 634 442 posse
651 376 776 441 nepotem
794 369 905 424 eandem
923 383 1032 423 cauum
1086 372 1266 439 subsequatur
1283 371 1339 425 sive
1356 371 1384 425 in
1420 374 1519 438 artem,
1544 372 1681 428 emendari
1701 374 1792 429 vidum
1814 382 1842 430 et
1860 378 1899 432 rel

233 455 380 510 reponere:
403 445 431 494 et
453 440 477 494 si
500 454 555 494 non
578 440 657 494 heres
674 437 848 509 apertissimis
866 434 1032 506 probationi·
1085 436 1166 492 allam
1183 451 1240 492 rem
1257 437 1297 491 vel
1350 453 1366 492 c
1461 439 1568 494 restitui
1585 442 1626 495 rel
1643 455 1673 497 re
1694 442 1816 497 letionem
1832 441 1900 511 lieri,

213 459 266 564 Rus
285 507 435 564 ostenderit
456 507 591 575 ingratum
614 512 719 576 patrem
736 504 841 574 nepotis
860 504 933 559 circa
950 510 1031 558 testa·
1085 504 1159 560 nulla
1176 504 1298 560 Falcidia
1343 507 1514 571 ter-veniente,
1533 513 1571 572 ut,
1593 507 1648 564 slve
1665 457 1700 563 11))
1718 509 1793 565 inltio
1812 511 1900 567 minum

215 589 301 632 rorem
329 575 425 642 luisse,
452 577 614 629 testamento
641 577 743 629 remote
766 573 802 627 ab
825 573 954 627 intestato
972 587 1031 626 eum
1085 572 1166 628 luerit
1180 573 1337 628 derelictum
1352 573 1407 629 aive
1420 576 1588 631 extrinsecus
1601 577 1804 648 qualiscumque
1818 591 1901 635 causa

213 642 317 708 vocam,
344 643 397 697 nisi
420 649 496 698 certa
519 641 657 712 quantitas
680 641 753 723 petri
773 640 831 695 eius
852 641 940 695 minor
956 646 1033 709 perte
1084 640 1263 696 interveniens
1281 640 1391 711 aliquod
1407 655 1551 710 meamea
1567 647 1688 714 imponat
1706 645 1748 699 rel
1768 646 1797 701 ln
1815 662 1900 716 quan·

212 711 332 781 legitima
348 710 443 766 relicta
460 716 517 765 est:
535 715 601 765 tnnc
619 715 718 764 etemm
735 708 883 764 secundum
900 707 1032 762 novellam
1084 709 1162 763 titate
1179 708 1221 763 rel
1238 710 1266 763 in
1284 714 1417 779 tempore,
1441 709 1493 766 hoc
1515 711 1600 767 modis
1617 714 1741 770 omnibus
1758 714 1856 788 repleri
1874 722 1901 771 et

213 779 300 835 nostri
318 778 434 833 numinis
453 777 687 833 constitutionem¹
708 777 820 855 repletio
839 783 952 845 quartae
969 790 1031 845 par·
1087 776 1117 830 lt
1151 781 1274 832 noshnm
1296 776 1420 832 luvamen
1460 793 1539 833 urum
1562 780 1625 836 liliis
1653 780 1754 836 inferri.
1802 781 1899 856 Rapie-

212 848 247 902 tis
265 847 357 917 nepoti
375 852 505 916 superest,
526 845 550 900 si
569 861 622 914 qua
638 845 710 915 patri
729 859 786 899 erus
805 844 987 913 competebat:
1006 850 1033 897 et
1083 842 1185 899 tionem
1202 853 1293 899 autem
1311 845 1370 899 herl
1387 860 1421 900 er
1467 862 1498 901 sa
1517 849 1670 904 substantia
1686 848 1781 920 patris,
1804 850 1900 908 nousl

213 916 371 986 perlrmtur
393 919 488 969 nostm
512 912 642 968 beneficio
666 928 683 967 a
701 915 833 967 vetustate
855 911 961 982 quidem
984 926 1032 965 ue·
1084 912 1148 981 quid
1166 927 1199 967 er
1217 912 1276 967 aliia
1295 912 1383 967 musis
1401 913 1471 968 lilius
1488 914 1609 971 lucratus
1630 918 1729 972 estrei
1748 932 1781 972 er
1799 918 1899 974 substi-

211 984 331 1053 glectna,
355 986 483 1037 anostro
501 988 590 1035 autem
609 982 698 1049 rigore
716 986 867 1044 recreatus,
885 979 936 1033 nisi
951 985 1032 1048 pater
1083 980 1189 1035 tudone
1211 981 1252 1035 rel
1274 995 1308 1034 ex
1331 980 1389 1034 lure
1406 982 1588 1048 adcrescendi,
1612 993 1680 1054 puta
1697 1001 1763 1041 usus
1781 985 1899 1042 hectun

213 1051 302 1106 adhuc
327 1056 465 1120 superstes
488 1050 531 1103 rel
551 1048 703 1118 repudiavit
726 1047 871 1117 querellam
890 1046 932 1101 vel
954 1047 1030 1116 quin·
1084 1048 1258 1103 humanitatis
1274 1049 1371 1103 etenim
1385 1049 1472 1118 gratia
1485 1052 1620 1107 sancimus
1638 1068 1671 1108 ea
1686 1054 1793 1123 quidem
1811 1054 1901 1109 omnia

230 1119 358 1173 nennium
381 1119 482 1182 tacuit,
509 1116 614 1172 scilicet
637 1122 700 1196 post
721 1115 822 1196 aditam
845 1113 1030 1170 hereditatem.
1083 1118 1161 1186 quasi
1179 1117 1237 1171 iure
1251 1115 1401 1172 adventicio
1417 1133 1477 1172 enm
1492 1117 1601 1185 lucrari,
1619 1120 1792 1201 repletionem
1810 1129 1899 1177 autem

212 1137 245 1243 ἶ.
274 1186 330 1241 111¹
356 1184 382 1240 a
407 1189 476 1256 Aup.
504 1184 742 1257 Coustmauncpols
766 1190 834 1256 port
860 1182 1031 1237 comulatam
1086 1189 1116 1238 ic
1141 1189 1178 1251 (l)
1227 1199 1261 1238 ex
1291 1184 1373 1239 rebus
1403 1186 1573 1242 substantiae
1605 1188 1671 1242 lieri.
1716 1189 1783 1244 Cum
1810 1197 1900 1245 autem

214 1256 237 1309 l.
303 1253 650 1309 wersmnesperc.
917 1253 951 1332 [a.
972 1253 1031 1316 531]
1083 1252 1172 1321 quls¹¹
1197 1259 1326 1307 extremo
1348 1252 1447 1307 herede
1467 1254 1591 1310 instituto
1615 1255 1669 1310 lilio
1691 1273 1741 1312 suo
1759 1258 1902 1313 restituere

249 1321 267 1380 3
308 1319 396 1376 ’Idem
413 1323 445 1375 Α.
466 1318 587 1376 Iohanni
605 1337 656 1401 pp.
697 1317 858 1389 Siquando
882 1319 942 1372 laiss
967 1333 1031 1371 con·
1055 1379 1059 1396 .
1083 1334 1143 1374 enm
1165 1319 1340 1374 hereditatem
1363 1336 1454 1386 suam,
1479 1337 1539 1376 cunr
1563 1323 1706 1391 moriatur,
1730 1324 1900 1395 disposuerit,

213 1390 300 1446 cessio
319 1388 464 1458 imperialis
481 1395 660 1457 processerit,
684 1403 733 1457 per
767 1402 830 1440 uem
846 1386 931 1441 libera
949 1391 1031 1440 testa
1084 1388 1124 1442 rel
1148 1386 1176 1442 in
1200 1395 1306 1458 tempus
1331 1394 1435 1443 certum
1458 1391 1653 1446 restitutionem
1672 1392 1819 1458 distulerit,
1839 1393 1901 1463 quia

214 1457 296 1513 menti
313 1457 396 1511 lectio
415 1455 586 1522 conceditur,
607 1456 674 1510 nihil
692 1403 866 1510 1113111111
903 1453 1031 1533 rincipem
1083 1462 1177 1511 nostra
1198 1456 1364 1520 constitutio,
1388 1471 1458 1523 quae
1481 1464 1560 1512 antea
1577 1460 1667 1529 posite
1684 1461 1769 1525 est¹¹,
1795 1476 1900 1517 omnem

214 1526 376 1590 concedere,
403 1524 454 1579 uisi
479 1530 510 1578 ut
532 1524 633 1579 babeat
656 1526 813 1579 consuetam
835 1528 864 1577 et
884 1471 1031 1590 legitimam
1083 1522 1238 1578 diletionem
1265 1538 1369 1578 omnem
1396 1540 1499 1579 morem
1525 1527 1631 1581 censuit
1655 1542 1715 1582 esse
1740 1529 1898 1584 abstrahen-

214 1592 367 1650 testamentl
393 1592 546 1647 factionem.
591 1606 679 1659 neque
705 1590 775 1644 enim
802 1590 964 1645 credendum
991 1597 1033 1645 est
1083 1592 1160 1657 dem,
1183 1598 1214 1645 ut
1237 1595 1334 1660 quarta
1358 1606 1421 1661 pare
1443 1608 1513 1662 pura
1536 1601 1564 1647 et
1580 1610 1642 1649 mox
1660 1595 1714 1650 lilio
1732 1597 1899 1664 restituatur,

214 1662 365 1716 Muranum
383 1660 531 1729 principem
548 1660 592 1728 qui
605 1660 666 1713 iura
679 1665 770 1713 tuetur
784 1657 937 1714 huiusmodi
950 1658 1031 1738 verbo
1083 1660 1111 1714 in
1135 1658 1287 1714 huiusmodi
1311 1659 1403 1739 specie
1426 1659 1492 1729 quid
1515 1659 1668 1716 laciendum
1685 1663 1734 1730 sit,
1758 1664 1899 1720 dubitabat·

213 1735 299 1784 totam
322 1728 536 1784 observationem
567 1731 789 1782 testamentorum
817 1726 907 1781 multis
937 1726 961 1781 e'
1009 1726 1032 1780 is
1086 1728 1119 1781 lei
1162 1733 1215 1781 tur.
1260 1727 1400 1782 Sanctum
1426 1729 1517 1798 itaque
1561 1737 1655 1785 uarme
1681 1731 1786 1800 quidem
1816 1732 1900 1802 pertis

218 1804 227 1851 l
271 1797 448 1865 excogitatam
472 1803 553 1865 atque
577 1797 713 1849 iuuentem
737 1794 804 1849 uelle
828 1796 918 1850 everti.
975 1794 1031 1848 llud
1083 1795 1281 1851 restitutionem
1291 1797 1313 1829 ¹³
1340 1795 1394 1849 iam
1420 1811 1492 1851 nuuc
1520 1745 1651 1852 celebrari
1677 1815 1730 1853 nou
1758 1814 1791 1854 ex
1812 1804 1900 1855 sciata

215 1864 461 1947 etiamnsancimus²
487 1872 530 1931 ut,
555 1864 578 1919 sl
603 1863 662 1933 quis
685 1878 703 1917 a
739 1869 799 1944 atre
823 1871 910 1917 certas
929 1877 972 1917 res
990 1862 1032 1916 vel
1083 1878 1133 1918 nec
1151 1869 1238 1917 morte
1255 1862 1362 1918 heredis
1380 1879 1430 1918 nec
1444 1865 1575 1944 ‚temporis
1592 1866 1746 1945 intervallo,
1770 1816 1900 1936 reliquum

214 1935 521 2070 1111111111111
535 1930 1032 2067 .t..ltll¹t.titlul¹ttlll.t
1084 1932 1272 2065 triballi
1289 1933 1543 2069 {tibitibi
1579 1941 1901 2072 litteraliter

215 2068 322 2123 minime
339 2068 373 2122 ab
392 2083 423 2122 eo
442 2075 600 2134 moveretur,
618 2073 725 2136 etpost
742 2066 843 2122 obitum
860 2067 944 2137 patria
961 2066 1032 2145 lilius
1084 2067 1155 2122 lilius
1177 2083 1254 2123 suem
1278 2067 1388 2122 habebit
1416 2068 1566 2137 portionem
1588 2072 1719 2139 integram
1742 2078 1769 2127 et
1794 2073 1899 2142 qualem

215 2137 321 2206 cognito
346 2140 459 2206 paterno
478 2139 637 2190 testamento
657 2152 711 2189 neu
729 2135 867 2216 agnoverit
885 2134 942 2189 eius
959 2135 1029 2188 iudu-
1083 2135 1154 2204 leges
1173 2141 1201 2189 et
1218 2143 1312 2190 nostra
1330 2135 1486 2190 constitutio
1505 2137 1631 2203 delinivit,
1650 2143 1677 2194 et
1690 2140 1808 2209 scriptus
1824 2141 1901 2195 heres

217 2207 299 2270 cium,
326 2204 374 2260 sed
401 2203 610 2284 oppugnandum
637 2210 785 2273 putaverit,
824 2209 913 2258 vetere
944 2203 1031 2270 iurgio
1083 2203 1252 2258 commodum
1276 2203 1348 2273 quod
1369 2203 1394 2257 ei
1412 2209 1526 2258 testetur
1544 2205 1687 2275 dereliquit
1704 2223 1765 2261 cum
1782 2207 1900 2276 legitimo

215 2274 345 2342 exploso⁸
374 2272 527 2328 hmusmodi
561 2278 642 2342 pacto
674 2272 758 2326 lilium
791 2271 898 2325 minime
926 2271 1030 2338 gravam
1084 2275 1099 2325 2
1133 2270 1315 2326 moderamine
1341 2271 1445 2326 sentiet.
1489 2271 1560 2327 illud
1606 2282 1726 2329 raeterea
1755 2275 1900 2343 sancimus,

217 2346 365 2401 mundum
392 2345 534 2415 Papiniani
561 2358 735 2414 responsum,
769 2343 797 2394 in
826 2356 879 2410 quo
909 2338 1029 2395 delinivit
1083 2345 1114 2393 ut
1137 2344 1260 2409 tempora
1283 2340 1317 2394 de
1337 2338 1479 2395 inofficiosi
1498 2355 1579 2421 quere
1617 2344 1661 2396 0¹⁵
1677 2343 1712 2396 ab
1730 2343 1805 2397 adita
1823 2345 1900 2399 here·

218 2416 338 2468 meritis·
366 2413 438 2469 illios
467 2413 501 2465 ad
536 2418 647 2482 paterna
660 2478 666 2489 ι
679 2410 809 2528 οὴεοέιιίι
838 2408 1028 2528 §reuocandos
1084 2407 1168 2461 ditate
1183 2407 1330 2490 secundum
1340 2407 1449 2477 Ulpiani
1463 2409 1615 2477 opinionem
1634 2414 1752 2477 current,
1771 2411 1901 2467 Herenuii

217 2484 249 2531 la
284 2491 364 2546 quam
385 2480 558 2545 pactlombus
583 2481 737 2543 adstrmgen
757 2491 797 2529 os.
858 2475 892 2528 ed
915 2475 966 2528 boc
994 2482 1032 2527 lta
1083 2475 1229 2530 Modestmr
1248 2475 1381 2531 sententia
1397 2484 1535 2541 recusata,
1560 2477 1606 2546 qui
1623 2493 1640 2532 a
1657 2485 1744 2533 morte
1761 2480 1900 2536 testatoris

215 2544 392 2606 admittimus,
417 2543 469 2598 nisi
493 2543 689 2598 transactiones
712 2542 747 2597 ad
771 2542 883 2621 heredes
903 2549 1031 2622 paternos
1083 2542 1145 2599 ilico
1165 2559 1273 2598 cursum
1291 2544 1325 2599 de
1348 2543 1500 2599 inofficioso
1518 2545 1652 2615 querellae
1670 2547 1835 2627 temporibus
1853 2547 1899 2602 da·

215 2613 284 2667 lilius
311 2612 500 2677 celebraverit,
532 2612 560 2665 in
587 2611 684 2679 quibus
711 2611 879 2679 apertissrme
905 2609 1031 2664 iudicium
1083 2611 1145 2678 bat,
1167 2618 1200 2666 ut
1225 2628 1279 2666 uon
1297 2612 1377 2667 liceat
1393 2612 1485 2666 heredi
1503 2613 1610 2682 quaudo
1629 2615 1743 2670 voluerut
1760 2615 1842 2680 adire,
1868 2631 1900 2670 ne

216 2686 229 2733 ‘2
264 2680 350 2750 patris
368 2680 515 2749 agnoverit.
543 2679 580 2732 Et
589 2679 749 2748 generaliter
759 2678 908 2744 delinimus,
924 2678 1032 2747 quaudo
1083 2696 1133 2749 per
1158 2678 1313 2734 huiusmodi
1337 2680 1472 2735 tramitem
1498 2682 1594 2735 iterum
1624 2681 1694 2736 iilius
1727 2682 1900 2738 defraudetur

216 2755 292 2818 pater
323 2749 410 2802 minus
442 2748 561 2816 legitima
591 2747 716 2827 portione
746 2746 800 2800 lilio
827 2746 965 2816 reliquerit
990 2746 1032 2800 rel
1084 2753 1119 2801 ta
1154 2747 1244 2803 debito
1262 2748 1387 2801 naturali.
1424 2748 1566 2803 Sensimus
1589 2750 1693 2820 itaque,
1716 2751 1763 2805 ubi
1787 2756 1900 2808 testator

216 2817 316 2886 aliquid
338 2816 442 2871 dederit
460 2817 500 2870 vel
522 2822 616 2870 mortis
641 2830 724 2869 causa
742 2814 887 2870 donatione
905 2813 945 2868 vel
962 2814 1032 2867 inter
1084 2816 1232 2871 decesserit
1252 2815 1305 2871 alio
1328 2815 1430 2884 scripto
1453 2815 1551 2870 herede
1574 2823 1602 2871 et
1619 2823 1744 2886 speratur
1761 2818 1794 2873 de
1811 2819 1899 2874 inelli-

216 2885 287 2939 rivos
305 2886 356 2938 sub
374 2899 406 2938 ea
424 2884 591 2947 condicione,
613 2886 644 2937 ut
660 2884 728 2938 haec
745 2882 815 2936 iuter
832 2882 905 2936 rivos
923 2881 1032 2937 donatio
1085 2883 1157 2938 closo
1181 2883 1309 2952 querella,
1333 2883 1523 2938 necessitatem
1547 2884 1647 2939 habere
1670 2887 1800 2954 scriptum
1824 2888 1899 2941 here·

215 2954 244 3005 in
260 2957 381 3020 quartam
398 2953 422 3006 ei
438 2957 616 3022 computetur,
634 2951 657 3005 si
670 2950 742 3006 iilius
757 2957 821 3021 post
836 2951 938 3005 obitum
946 2950 1032 3019 patris
1084 2951 1156 3014 dem,
1183 2952 1206 3005 si
1232 2951 1338 3021 quidem
1364 2954 1472 3020 praesto
1496 2958 1538 3007 est
1559 2952 1588 3006 in
1613 2953 1706 3007 cadem
1730 2970 1899 3009 commanens

217 3021 269 3074 hoc
294 3020 365 3088 quod
388 3020 510 3074 relictum
533 3020 575 3074 rel
598 3018 690 3074 datum
714 3023 758 3074 est
777 3018 933 3088 simpliciter
950 3033 1031 3087 agno·
1085 3019 1237 3087 provincia,
1264 3019 1336 3073 intra
1352 3033 1400 3073 sex
1423 3035 1562 3074 mensuum
1584 3020 1716 3102 spatium,
1744 3022 1786 3077 sin
1810 3027 1899 3077 autem

217 3088 298 3151 verit,
321 3088 392 3141 iorte
409 3097 435 3141 et
453 3089 625 3143 securitatem
643 3086 787 3141 heredibus
804 3086 900 3140 lecerit
918 3086 990 3155 quod
1007 3085 1032 3140 ei
1084 3102 1206 3142 seorsum
1224 3095 1343 3154 utraque
1366 3104 1430 3156 pars
1453 3088 1481 3141 in
1506 3088 1616 3143 diuersus
1647 3089 1792 3171 provinciis
1820 3091 1900 3159 degit,

217 3156 341 3210 relictum
373 3162 414 3210 est
435 3155 587 3226 accepisse,
621 3172 676 3209 non
708 3155 827 3209 adiciens
854 3154 955 3208 nullam
981 3154 1033 3210 sibi
1084 3159 1148 3211 tuuc
1171 3155 1243 3210 intre
1260 3155 1359 3210 annale
1381 3156 1566 3210 tautummodo
1589 3163 1706 3226 spetlum
1723 3157 1803 3213 simili
1821 3159 1900 3214 modo

216 3223 585 3361 illibabilis
605 3222 1033 3360 liiiilliiiiufllitifiil
1083 3223 1901 3350 11110111111111111111111111111111

214 3360 296 3430 pleri,
324 3358 376 3414 nisi
401 3359 454 3415 hoc
480 3332 634 3429 specialiter
660 3360 715 3414 sive
741 3358 769 3413 in
793 3374 862 3428 apoc
922 3359 979 3414 sire
1003 3357 1033 3412 in
1084 3374 1160 3414 suam
1178 3361 1346 3423 sententiam,
1365 3359 1437 3429 quod
1454 3335 1637 3415 hereditatem’
1645 3361 1753 3416 minime
1770 3362 1898 3417 admittit:

215 3429 398 3482 hausactione
421 3430 474 3482 scri
495 3429 560 3483 serit
583 3430 625 3482 rei
647 3432 747 3497 pactus
765 3427 859 3492 luerit,
895 3428 950 3482 uod
968 3442 1032 3482 con·
1084 3428 1224 3498 expeditus
1243 3430 1340 3482 etenim
1359 3429 1398 3482 ita
1416 3433 1548 3483 macutus
1566 3428 1703 3484 inducitur
1721 3429 1776 3485 lilio
1800 3446 1899 3486 memo·

215 3502 305 3551 mutus
329 3497 423 3550 relicta
439 3446 493 3575 ref
506 3496 571 3550 data
594 3507 672 3566 parte
689 3495 722 3549 de
739 3510 772 3576 ee
790 3495 861 3564 quod
879 3443 956 3550 deest
972 3494 1031 3550 nul·
1083 3502 1170 3552 ratam
1196 3511 1303 3551 morere
1329 3497 1487 3566 querellam:
1520 3498 1562 3552 sin
1589 3513 1650 3552 vero
1678 3498 1795 3568 scriptus
1821 3499 1900 3554 heres

215 3565 266 3618 lam
286 3564 368 3619 hebet
386 3569 583 3633 quaestionem:
607 3572 673 3618 tunc
695 3568 795 3618 etemm
813 3564 885 3618 omni
904 3564 1031 3619 exclusa⁷
1082 3567 1155 3620 intra
1179 3570 1282 3619 statute
1304 3571 1427 3634 tempora
1448 3566 1553 3620 minime
1576 3565 1686 3634 adierit,
1710 3581 1759 3636 per
1783 3566 1901 3622 officium

216 3633 340 3769 liiii.
359 3632 668 3755 ethelberthi
693 3631 1032 3754 irritabile
1083 3632 1901 3771 iteritatiiittltlt“liliitibitibi

215 3769 302 3822 solum
320 3768 355 3821 ad
372 3768 457 3822 lilium
476 3769 516 3821 vel
535 3768 624 3831 liliam,
643 3768 691 3823 sed
709 3767 789 3823 etlam
807 3767 841 3821 ad
860 3783 951 3822 omnes
969 3784 1031 3837 per·
1083 3739 1475 3834 aditamautem'hereditatcm
1491 3770 1541 3823 etsi
1554 3770 1698 3823 decesserit
1711 3769 1791 3835 filius,
1806 3743 1900 3827 buius·

215 3836 449 3959 {illhiffli
464 3836 1032 3959 1111111111111111111·
1084 3835 1899 3961 111111111111111111111111111111111

214 3972 399 4044 staretiucpeli
416 3920 486 4045 pglst
508 3921 683 4027 {ormiscum
701 3972 847 4043 lampadii
860 3946 896 4026 'et
909 3923 1033 4028 11licestrae
1083 3922 1148 4025 dunc
1173 3971 1371 4036 tantummodo,
1402 3945 1508 4039 quando
1532 3970 1651 4039 antiquis
1673 3971 1747 4024 libris
1772 3972 1898 4027 Insertum

214 4058 253 4095 eu.
272 4056 309 4093 cc.
917 4043 1031 4104 111531]
1083 4040 1167 4094 iaciat
1188 4039 1431 4108 praeparationem.
1469 4038 1501 4092 l).
1518 4038 1544 4093 lc.
1565 4039 1639 4111 Sept.
1660 4038 1839 4094 Corsstuels'uo
1861 4042 1899 4095 cli

250 4105 290 4166 36
310 4106 397 4161 “idem
421 4110 453 4162 Α.
477 4105 597 4162 Ioleum’
618 4127 669 4180 pp.
713 4108 817 4162 &imus
843 4115 906 4161 ante
932 4107 1032 4162 consti-
1081 4107 1326 4181 postconsulatum
1337 4105 1483 4178 lampadii
1500 4117 1528 4161 et
1539 4107 1652 4162 Orestae
1671 4124 1758 4162 succ.
1787 4113 1821 4174 [a.
1836 4059 1899 4174 ζ311

216 4176 363 4233 mdouem⁹
379 4174 477 4229 iecisse
486 4179 514 4240 ¹⁰,
533 4190 586 4245 qua
605 4181 714 4230 cautum
733 4182 787 4239 est,
813 4175 835 4229 ai
853 4181 930 4243 pater
947 4176 1032 4228 mino-
1087 4183 1091 4190 ’
1118 4171 1157 4234 37
1179 4172 1278 4230 ¹⁸Idsm
1295 4176 1327 4229 A.
1346 4172 1466 4230 islense
1477 4191 1529 4256 pp.
1571 4173 1639 4229 ilum
1660 4174 1777 4244 antiquis
1796 4176 1899 4245 legibus

215 4259 270 4298 rem
288 4243 380 4297 debita
413 4244 545 4298 ortionem
560 4243 615 4298 lilio
629 4260 677 4298 suo
693 4243 852 4312 reliquisset,
871 4243 1031 4307 omnimode,
1084 4243 1249 4299 declaratum
1267 4245 1316 4308 oet,
1335 4246 1366 4297 ut
1380 4241 1507 4295 militaria
1521 4246 1684 4297 testamenta
1698 4244 1731 4297 de
1746 4243 1898 4300 inofficioso

216 4313 265 4367 etsi
289 4327 344 4366 non
367 4325 384 4364 a
404 4311 502 4366 'cietur
525 4313 574 4366 viri
599 4313 661 4366 boui
683 4314 815 4366 arbitratu
843 4311 939 4380 repleri
969 4312 1031 4376 lilio,
1084 4313 1228 4382 querellam
1255 4311 1378 4374 evadant,
1405 4310 1482 4364 multi
1507 4311 1552 4364 alii
1579 4326 1659 4365 casua
1686 4318 1838 4379 emergunt,
1872 4313 1898 4366 in

220 4387 228 4432 1
256 4386 374 4434 attamen
384 4378 444 4448 ipso
452 4379 510 4434 iure
519 4381 608 4435 inesse
616 4381 727 4434 eendmn
737 4379 917 4449 repletionem.
943 4378 1031 4448 Quae·
1086 4387 1095 4436 1
1135 4380 1233 4448 quibus
1252 4379 1432 4434 dubitationes
1447 4386 1555 4433 exortes
1570 4379 1652 4446 sopiri
1665 4394 1775 4434 necesse
1791 4389 1840 4433 est.
1868 4379 1899 4433 ln

214 4447 327 4503 rebatur
343 4450 448 4516 itaque,
472 4448 495 4502 si
517 4449 651 4516 qulsrem
670 4449 795 4502 donatam
813 4448 853 4501 rel
871 4448 1031 4502 interrivos
1084 4448 1268 4504 carmensibus
1290 4447 1388 4501 etenim
1411 4447 1522 4517 peculiis
1548 4446 1703 4501 introducta
1729 4456 1769 4501 est
1793 4456 1820 4500 et
1846 4447 1901 4501 alia

214 4516 257 4571 rel
278 4516 373 4570 mortis
397 4530 480 4571 causa
502 4517 544 4570 vel
566 4516 594 4569 in
617 4522 777 4570 testamento
800 4516 920 4570 relictam
949 4530 1030 4583 agno-
1083 4515 1228 4571 subdivieio
1256 4520 1284 4570 et
1310 4515 1407 4584 peculii
1438 4515 1537 4595 triplex
1562 4514 1697 4567 invenitur
1723 4529 1813 4568 causa.
1858 4515 1900 4569 vel

213 4584 284 4639 serit
306 4590 333 4637 et
374 4599 405 4638 ro
429 4592 506 4653 perte
527 4600 577 4638 sua
600 4584 739 4650 habuerit,
757 4583 854 4638 deinde
878 4583 971 4637 eadem
988 4599 1031 4638 res
1083 4586 1153 4639 enim
1175 4598 1308 4653 paganum
1331 4589 1373 4637 est
1396 4582 1530 4652 peculium
1547 4582 1589 4636 vel
1611 4586 1750 4636 castrense
1767 4583 1809 4636 vel
1828 4583 1898 4651 quod

215 4653 300 4707 erista
324 4601 374 4706 ref
387 4658 446 4706 tota
468 4652 510 4706 vel
533 4668 582 4720 pro
607 4657 686 4721 parte
708 4652 802 4718 luerit,
826 4667 861 4706 an
885 4651 982 4705 debeat
999 4667 1032 4705 ex
1083 4652 1252 4707 medietatem
1286 4651 1357 4705 inter
1390 4657 1534 4719 auumque
1565 4648 1682 4714 obtinet,
1719 4649 1790 4717 quod
1822 4651 1900 4720 quasi

215 4727 310 4775 nostra
327 4720 528 4802 ,constitu-tione
554 4736 618 4788 pers
644 4721 761 4802 legitima
787 4726 849 4802 post
875 4720 1031 4774 evictionem
1086 4727 1118 4775 la
1153 4727 1291 4799 castrense
1318 4724 1498 4787 nuncupatur.
1543 4718 1575 4771 ln
1601 4717 1648 4797 tali
1675 4716 1756 4787 igitur
1782 4717 1899 4798 peculie,

214 4787 1032 4919 11111111111111111111111111111
1083 4785 1900 4932 alilothttllltil.l¹.¹⁸l.llllttlt·i.lil⁸⁰lt

214 4930 305 4978 tamen
337 4939 371 4979 er
398 4924 450 4978 hoc
477 4939 542 4978 casu
568 4925 782 4994 supplementum
809 4923 957 4979 introduci:
988 4939 1031 4988 ne,
1083 4941 1137 4979 non
1163 4923 1241 4992 quasi
1265 4923 1392 4976 militibus
1414 4938 1467 4991 quo
1486 4922 1618 4976 voluerunt
1639 4924 1735 4988 modo,
1760 4922 1806 4977 sed
1827 4938 1898 4978 eom·

215 4991 277 5046 dum
300 4997 384 5046 totam
408 4991 556 5046 Falcidiam
580 4992 639 5047 acci
658 5008 703 5047 ere
721 4994 798 5048 heres
816 4993 926 5057 nititur,
951 4993 1031 5047 etiam
1083 4993 1157 5047 muni
1175 4999 1202 5046 et
1218 4991 1292 5046 licito
1310 4995 1338 5046 et
1355 4998 1485 5046 consueto
1502 4988 1596 5046 ordine
1614 4990 1789 5055 observando,
1807 5006 1898 5059 quem·

217 5065 250 5114 ia
285 5066 371 5115 totum
390 5060 557 5115 commodum
576 5060 623 5115 her
658 5062 730 5116 itatis
748 5062 862 5115 amittat.
890 5059 1030 5115 Sancimus
1084 5059 1226 5116 admodum
1245 5058 1420 5115 constitutum
1438 5059 1529 5114 fuerat
1545 5058 1573 5112 in
1597 5058 1753 5113 consulibus
1777 5065 1804 5111 et
1821 5073 1898 5125 prae·

214 5127 307 5196 itaque
324 5129 351 5182 in
370 5128 493 5183 omnibus
512 5128 570 5183 istis
588 5129 704 5194 casibus,
722 5130 777 5183 sire
792 5130 820 5182 iu
834 5133 921 5183 totum
936 5128 1030 5183 evictio
1083 5128 1161 5183 iactis
1180 5128 1312 5196 legionum
1330 5132 1358 5181 et
1375 5126 1545 5195 praesidibus
1560 5126 1757 5195 provinciarum
1772 5133 1799 5179 et
1814 5124 1898 5178 omni·

227 5244 619 5253 *mu—*um
779 5247 808 5252 -ν
859 5246 1040 5254 ...η-η...-
1071 5247 1082 5252 ,„

215 5301 248 5363 (l)
265 5317 285 5350 c.
303 5310 332 5351 8⁰
351 5299 374 5348 ll.
393 5310 408 5351 t.
470 5303 504 5365 (i)
522 5319 570 5353 scr.
589 5315 641 5365 1111,
659 5302 690 5366 cs.
709 5301 854 5368 Zeitsclrr'fl
863 5303 913 5368 sir
930 5301 1031 5352 Rechts·
1083 5305 1135 5350 tan
1155 5297 1201 5364 Ρ)
1220 5299 1244 5349 Ρ
1312 5299 1355 5361 (11)
1372 5295 1429 5362 quis
1451 5295 1530 5360 olli,
1546 5296 1568 5346 si
1585 5296 1642 5360 qnia
1661 5295 1730 5358 Ple,
1748 5297 1793 5345 inc.
1816 5295 1857 5344 0¹:
1876 5292 1896 5342 ei

215 5368 295 5438 pescl-
313 5378 333 5420 lt
350 5377 427 5435 palli
474 5371 508 5434 (3)
527 5370 675 5436 iuspecto
693 5379 716 5419 et
733 5370 828 5432 d,28‚l
876 5369 1030 5434 11)ε,1ὀΡΟ·,
1086 5366 1143 5432 quis
1153 5369 1266 5430 sortasse
1283 5384 1363 5417 eoem
1381 5376 1429 5429 eei,
1451 5375 1477 5416 ui
1493 5368 1538 5431 qui
1553 5368 1627 5431 iepem
1645 5361 1899 5439 corupcruitfcrs'bere

215 5436 358 5488 inofficioso
374 5435 432 5491 C’R
466 5442 499 5498 iol
516 5441 553 5491 sic
570 5440 637 5502 dett,
654 5435 757 5501 expulso
770 5436 841 5490 PCR
883 5440 918 5500 (e)
935 5437 1031 5488 meritis
1087 5440 1112 5485 ir
1131 5436 1210 5485 animo
1228 5435 1341 5486 lebunii
1356 5449 1412 5484 oum
1430 5434 1528 5494 antem,
1546 5432 1567 5481 si
1585 5429 1642 5494 quis
1660 5465 1708 5492 ...,
1726 5428 1897 5492 dubitabatur,

215 5503 374 5566 anast-0
392 5506 437 5569 0¹,
454 5508 535 5572 magis
548 5508 595 5569 1³⁴¹,
613 5505 709 5556 meritis
722 5503 802 5569 magis
814 5501 893 5558 ΡΨ
952 5507 1031 5570 (sisic
1086 5501 1211 5554 sancimus
1227 5506 1332 5567 quartae
1370 5503 1414 5564 (le)
1431 5519 1452 5551 c.
1465 5510 1488 5551 er
1508 5500 1530 5549 l.
1543 5511 1559 5550 1.
1599 5501 1643 5560 1111)
1660 5499 1697 5548 ric
1714 5498 1779 5559 dett,
1798 5516 1849 5547 eum
1866 5498 1898 5559 B,

217 5571 244 5624 P
258 5592 310 5626 caea
329 5573 365 5639 B,
383 5573 500 5626 exuimus
520 5576 566 5627 Cli
654 5575 691 5634 iel
708 5577 780 5640 turpe
797 5592 818 5625 e.
836 5582 863 5626 tt
881 5584 904 5625 et
921 5575 944 5632 6,
963 5584 999 5630 as,
1017 5585 1030 5625 1
1087 5570 1285 5621 summationem
1303 5567 1375 5620 Pela
1424 5569 1468 5630 (11)
1486 5570 1544 5633 post
1564 5565 1617 5628 CR,
1634 5568 1732 5630 praeter
1752 5563 1797 5630 1⁰⁰,
1816 5566 1900 5631 tipicis

215 5642 251 5704 (t)
268 5659 289 5693 c.
307 5651 336 5694 ⁸0
354 5643 378 5693 t.
396 5653 414 5695 t.
487 5641 638 5705 (telleriana
658 5641 710 5696 CR,
730 5641 807 5691 luisse
823 5639 930 5692 relatum
948 5641 1030 5698 [relio-
1090 5639 1128 5689 P·
1162 5634 1515 5698 (relucetqusrslapcela
1549 5635 1595 5698 111)
1608 5635 1680 5700 iunpe
1693 5636 1716 5694 l,
1725 5644 1747 5695 a,
1756 5644 1791 5685 ta.
1808 5634 1829 5693 l,
1839 5645 1860 5693 e,
1871 5643 1898 5683 at
