4175 6209
264 253 372 334 orso
1079 255 1144 332 Μ
1540 273 1942 338 naimaommnsisni

263 451 418 505 daemoes
435 445 735 512 ddiherararldeatur,
757 444 807 502 sed
827 460 878 501 naa
897 445 1077 517 ὠμωμ-
1128 443 1177 502 aad
1198 452 1227 501 et
1248 443 1425 507 aemuia
1447 443 1940 515 persuumiuldecnrrereetlibe·

264 516 344 584 serit,
369 515 441 587 quod
462 513 607 571 aditioim
624 514 666 569 rel
688 528 738 584 pro
757 513 857 570 herede
872 512 1020 583 eutium
1035 514 1077 570 is·
1128 513 1185 569 raia
1201 512 1331 569 iudicium
1347 527 1425 570 snam
1441 518 1585 594 expectare
1600 512 1761 568 sententiam
1774 513 1831 567 sive
1879 518 1949 588 ente'

264 583 353 651 ducit,
368 582 544 666 ‘praedictum
567 582 707 638 arbitrium
727 580 756 637 ln
778 581 978 638 imminuam
1000 598 1078 638 suam
1127 596 1160 637 eo
1177 581 1234 637 sire
1250 582 1373 663 pulsato,
1396 579 1616 703 ¹1⁸immadem
1631 595 1724 636 serras
1741 595 1847 662 pronun
1929 618 1942 646 ,

264 648 1078 801 &idididissi'iilsffiideief'hs'i‘i'hsz
1127 654 1205 783 Q
1218 647 1943 797 lttidtutttmittqiittt

263 804 784 912 ,usu
791 785 1078 912 nuru
1128 782 1784 908 ememus

264 924 336 979 nime
364 923 466 993 petita¹
489 922 562 977 intra
586 921 683 977 eunde
706 923 815 990 tempas
839 920 999 991 demerit,
1025 921 1080 977 hoc
1162 916 1550 978 termulensem
1581 913 1690 976 'Saimm
1712 917 1766 973 iani
1788 917 1856 974 dnae
1879 932 1946 973 esse

263 992 306 1046 ius
329 988 365 1046 ad
388 1005 464 1046 suam
487 988 684 1045 successionem
703 988 775 1043 intra
791 988 890 1044 annale
905 994 1013 1059 tempus
1030 1004 1078 1045 ex·
1128 987 1311 1057 pmudqatas
1327 992 1454 1041 anostra
1468 985 1610 1042 clemenda
1627 986 1841 1052 constitutiones,
1858 1001 1942 1041 unam

263 1064 280 1115 a
321 1058 424 1114 madet.
467 1056 497 1113 si
522 1056 592 1113 enlin
617 1055 629 1111 i
661 1069 692 1122 e,
718 1059 862 1127 postquam
887 1061 1078 1113 testamentum
1146 1055 1235 1110 uidem
1252 1054 1286 1110 de
1302 1053 1354 1120 his,
1371 1054 1418 1124 qni
1434 1053 1636 1111 deliberandum
1653 1071 1703 1124 pro
1721 1054 1870 1110 hereditate
1886 1053 1944 1108 sibi

263 1127 345 1182 fuerit
361 1126 534 1190 lumnmtum,
551 1123 628 1180 reia
663 1124 793 1179 lutestmo
807 1125 849 1179 iel
865 1139 900 1180 ex
916 1129 1078 1181 memento
1241 1122 1487 1188 mbmmaiemnv,
1514 1122 1594 1192 aliam
1617 1129 1707 1178 autem
1732 1121 1767 1178 de
1788 1121 1945 1192 improvisis·

263 1196 305 1248 rel
327 1193 407 1249 aliter
429 1193 453 1248 ei
471 1192 606 1262 cognitum
624 1192 678 1247 sit¹
703 1191 829 1247 heredem
851 1194 932 1248 eum⁸
952 1197 1079 1250 uocatum
1128 1189 1225 1246 debitis
1242 1194 1271 1246 et
1286 1190 1390 1246 incerto
1407 1190 1483 1245 exibi
1499 1205 1549 1260 per
1565 1190 1684 1246 divensi
1706 1189 1811 1261 species
1833 1189 1872 1245 eis
1890 1188 1938 1244 ini·

263 1261 361 1326 iuhae,
386 1261 477 1317 aonah
498 1264 621 1331 tempora
641 1260 796 1329 marsupio
821 1260 890 1316 nihil
903 1260 1013 1329 lecerit,
1040 1272 1078 1314 ax
1127 1258 1244 1330 posiw.
1270 1256 1319 1314 scd
1335 1258 1417 1313 etiam
1433 1264 1548 1313 retorem
1563 1257 1783 1314 concitationem
1797 1272 1851 1312 nou
1863 1256 1939 1337 iquo-

263 1345 317 1400 quo
347 1329 389 1384 rel
416 1327 566 1383 adeundam
593 1327 634 1383 vei
665 1326 872 1383 renuntiandam
901 1327 1078 1385 Medltsoem
1127 1341 1232 1392 minus,
1255 1340 1335 1396 qnam
1357 1325 1435 1382 dirus
1453 1325 1605 1382 damianus
1622 1327 1658 1381 ad
1675 1326 1846 1381 Platonems

262 1395 523 1461 manifestaveritis
541 1412 603 1451 cum
619 1395 795 1451 mccessione
811 1410 863 1451 ana
874 1398 910 1454 ab
924 1396 1079 1453 huiusmodi
1128 1394 1162 1475 de
1178 1394 1320 1458 militibus,
1345 1394 1392 1464 qni
1412 1409 1462 1474 per
1477 1393 1658 1461 ignorabam
1675 1393 1849 1449 hereditatem
1865 1407 1890 1474 ι.
1942 1435 1944 1438 ,

263 1470 279 1519 4
313 1462 446 1521 beneflcio
471 1463 637 1520 excludatur.
677 1462 725 1519 Sin
741 1468 832 1520 autem
850 1464 969 1520 instante
986 1465 1078 1520 annali
1127 1467 1342 1533 nicquetum
1359 1477 1410 1532 pro
1426 1461 1470 1516 his
1487 1459 1671 1517 tantummodo
1684 1464 1766 1519 rebus
1779 1475 1939 1516 consemin-

263 1535 384 1604 tempore
406 1529 568 1593 decesserit,
594 1531 726 1602 reliquum
748 1536 856 1602 tempus
878 1547 930 1602 pro
953 1532 1079 1589 adeunda
1127 1536 1182 1596 tar,
1199 1545 1268 1601 quas
1284 1529 1313 1584 in
1329 1529 1477 1584 hereditate
1500 1529 1620 1586 defuncti
1641 1529 1799 1594 invenerint,
1821 1529 1945 1608 ipsorum

262 1599 413 1656 hereditate
435 1598 492 1655 suia
516 1599 721 1654 successoribus
744 1598 804 1654 sine
826 1599 918 1671 aliqua
940 1600 1079 1659 dubietate
1127 1602 1220 1653 autem
1243 1601 1316 1655 bona
1337 1613 1356 1653 a
1377 1597 1554 1654 creditoribus
1576 1596 1745 1653 hereditariis
1764 1612 1819 1652 non
1836 1595 1940 1667 inquia-

263 1668 406 1737 rellnquat,
442 1683 479 1722 no
497 1667 630 1737 completo
648 1682 699 1722 nec
715 1666 859 1723 heredibus
876 1667 935 1723 eim
950 1668 1078 1724 alluere-
1127 1669 1234 1721 teritur:
1257 1665 1334 1721 cuias
1358 1680 1454 1721 sensus
1478 1665 1513 1719 ad
1535 1681 1617 1720 unani
1640 1665 1823 1736 praelatarum
1840 1663 1940 1720 consfi-

262 1749 373 1859 tt'i'
390 1733 1079 1875 tettiureutueuturl‘e·
1127 1731 1946 1871 inuenturum&

264 1870 289 1925 d.
310 1884 351 1926 111
387 1913 393 1925 .
412 1868 481 1927 Noe.
500 1867 734 1927 noeoeane.
962 1876 998 1938 [a
1016 1876 1078 1938 5²9]
1130 1875 1142 1925 t
1179 1869 1292 1925 timarit.
1333 1868 1378 1924 Er
1398 1868 1523 1924 omnibns
1545 1868 1638 1938 itaque
1663 1868 1722 1925 istis
1749 1883 1831 1924 unani
1856 1866 1867 1922 l

297 1935 339 1998 20
357 1935 434 1994 idem
450 1939 483 1995 A.
503 1935 623 1994 loliamii
637 1955 688 2012 pp.
724 1937 837 2020 Quidam
860 1938 946 2008 eurio
968 1939 1078 1996 condito
1128 1937 1253 2018 colligere
1269 1936 1347 2019 nobis
1364 1936 1490 2058 apparuit
1507 1952 1567 2017 esse
1580 1937 1728 2017 humanum
1741 1939 1769 1992 et
1783 1951 1838 1991 non
1853 1950 1943 1991 soum

265 2004 390 2062 heredem
406 2005 515 2076 scripsit
530 2004 561 2060 in
574 2009 663 2062 cartas
678 2021 773 2061 uucms
787 2015 815 2062 et
828 2014 893 2076 post
907 2014 981 2063 certa
996 2007 1079 2063 ruba
1128 2006 1226 2060 milites
1249 2004 1377 2060 adiurare
1417 2004 1550 2060 uinsmodi
1565 2004 1711 2072 beneficio,
1734 2003 1783 2059 sed
1807 2003 1889 2058 etiam
1905 2001 1939 2058 ad

264 2073 418 2130 testamenti
444 2071 557 2129 eundem
583 2073 612 2128 ln
637 2074 704 2129 alias
729 2074 824 2129 uncias
851 2076 893 2130 rel
919 2080 1009 2131 tantm
1034 2076 1078 2132 rel
1128 2088 1220 2129 omma
1245 2072 1299 2128 huc
1323 2072 1482 2139 exundare,
1508 2088 1564 2128 nou
1590 2075 1695 2128 tantam
1720 2072 1744 2127 si
1767 2070 1946 2143 inprovisum

281 2146 494 2211 nantascumqus
512 2146 539 2196 et
556 2141 635 2196 tertio
653 2142 694 2196 rel
710 2142 757 2197 in⁴
782 2142 861 2199 aliern
878 2151 983 2213 partem
999 2143 1077 2199 here·
1127 2141 1267 2196 emerserit
1289 2139 1422 2205 debitum,
1445 2140 1494 2195 sed
1515 2141 1596 2195 etiam
1618 2140 1643 2196 si
1663 2155 1804 2196 onerosam
1820 2139 1882 2220 qula
1898 2138 1941 2193 in·

283 2209 356 2266 'ndi
382 2209 424 2265 rel
450 2207 582 2277 quendam
605 2209 747 2264 unciarum
771 2209 892 2279 modum,
919 2211 965 2267 ille
987 2218 1077 2267 arimin
1127 2208 1217 2264 teniat
1238 2223 1399 2279 essequam
1416 2208 1511 2262 adierit
1527 2207 1711 2264 hereditatem
1746 2207 1785 2263 ita
1802 2222 1874 2262 enim
1891 2220 1946 2261 nec

265 2292 347 2332 unam
372 2276 568 2332 institutionem
593 2277 636 2332 rel
662 2277 730 2332 duas
759 2277 903 2334 admittens
929 2293 1010 2335 unam
1035 2279 1078 2334 vel
1128 2277 1196 2332 satis
1217 2277 1397 2332 necmsarioni
1420 2275 1621 2332 deliberationis
1644 2276 1695 2330 erit
1717 2273 1860 2339 auxillum,
1888 2273 1942 2329 nisi

264 2344 333 2401 duas
354 2344 397 2399 rel
422 2347 653 2414 quantascumque
678 2360 721 2400 res
740 2345 843 2400 uendaa
869 2360 930 2402 esse
956 2347 1076 2404 censuit:
1127 2344 1281 2425 hominibus
1297 2343 1485 2409 formidolosis,
1502 2342 1550 2415 qui
1566 2350 1595 2399 et
1611 2359 1644 2399 aa
1660 2343 1761 2424 timent,
1779 2357 1849 2414 qnae
1864 2341 1947 2400 nulla

264 2413 444 2484 quaerebatur
460 2411 534 2495 apud
550 2418 664 2481 veteres,
684 2413 708 2468 sl
722 2360 778 2468 {oe
796 2413 821 2468 ei
838 2413 929 2469 lacere
944 2415 1077 2485 permitti-
1130 2417 1163 2466 to
1201 2411 1284 2481 digua
1308 2418 1373 2467 sunt
1397 2411 1559 2481 suspicione.
1605 2410 1673 2467 Cum
1697 2410 1781 2480 igitur
1805 2409 1942 2466 heredites

267 2487 380 2604 uui
398 2478 1078 2605 mrem
1127 2479 1322 2604 erres
1346 2478 1947 2603 tererestereres

263 2566 326 2672 iim
343 2565 500 2698 eugancum
517 2616 546 2671 in
563 2616 643 2672 eiiam
666 2565 784 2687 partle’m,
803 2632 886 2739 Jum
908 2566 1079 2688 pupiilffir
1127 2622 1204 2671 recta
1220 2617 1263 2670 ria
1285 2587 1360 2670 adire
1382 2616 1509 2671 maduerit
1531 2564 1709 2695 hmeditategi
1730 2564 1940 2685 et'apeffiertis-

264 2683 418 2744 substituit.
444 2690 473 2739 et
514 2686 637 2753 ostquam
662 2688 778 2740 testetur
820 2684 931 2752 acessit,
958 2686 1078 2757 pupillus
1127 2684 1197 2739 sima
1212 2682 1265 2739 hoc
1282 2684 1377 2739 lecerit
1394 2684 1435 2740 rel
1452 2698 1511 2739 sese
1528 2683 1709 2744 immiscuerit
1726 2691 1758 2737 ut
1773 2698 1829 2738 non
1845 2688 1942 2753 postea

264 2751 371 2823 quidem
410 2752 466 2833 atri
487 2701 566 2806 ieras
584 2752 681 2818 extiti,
705 2759 849 2833 extraham
865 2760 955 2808 auum
973 2754 1077 2834 heredi·
1127 2751 1335 2832 eamtrep'udiet,
1353 2750 1434 2832 nullo
1443 2750 1546 2820 indiget
1561 2750 1719 2814 inventario,
1738 2766 1799 2832 cuni
1816 2750 1946 2832 omnibns

263 2819 996 2945 iihddl‘siilltiiddiiieisiu'ffiiit‘d
1014 2822 1078 2945 ¹¹¹³}
1127 2819 1607 2944 mammemque
1634 2818 1946 2942 iulittitit

264 2955 421 3011 substitutio
439 2955 528 3010 locum
543 2956 595 3036 sihi
608 2955 765 3011 vindicarit:
784 2972 898 3027 cumque
914 2905 1078 3013 siuissent
1127 2954 1263 3036 titubante
1287 2956 1383 3035 animo·
1402 2952 1581 3035 respuendam
1603 2955 1645 3009 rel
1670 2927 1858 3035 distinendam
1882 2947 1946 3035 esse

264 3022 376 3079 eandem
393 3029 498 3093 partem
519 3023 660 3079 admittere
682 3024 782 3094 noluit,
804 3025 956 3094 quaesitum
977 3029 1031 3092 est,
1054 3026 1078 3080 si
1128 3022 1272 3079 crediderit
1293 3022 1477 3089 hereditatem,
1500 3023 1555 3078 ιιιο
1577 3022 1745 3093 apertissime
1766 3031 1840 3078 mtra
1860 3027 1944 3078 trium

263 3095 355 3162 potest
379 3091 433 3145 iam
457 3091 536 3146 heres
562 3107 596 3146 er
622 3092 765 3162 principali
793 3098 954 3148 memento
986 3092 1077 3148 laetus
1127 3106 1267 3145 mensuum
1285 3091 1412 3160 spatium,
1434 3106 1470 3146 er
1488 3105 1542 3161 quo
1560 3090 1586 3146 ei
1603 3091 1740 3159 cognitum
1756 3089 1839 3146 fuerit
1856 3090 1910 3146 scri

264 3164 279 3213 'l
314 3157 476 3231 pupillarem
498 3158 718 3216 substitutionem
738 3175 768 3215 re
787 3160 889 3215 udiare.
930 3160 1078 3230 Utramque
1127 3166 1185 3214 tuin
1208 3174 1239 3214 se
1262 3173 1322 3214 essa
1344 3159 1385 3213 iel
1408 3165 1533 3214 vocatum
1553 3157 1692 3225 heredem,
1713 3159 1850 3214 renuntiet
1868 3175 1886 3213 n
1924 3173 1945 3213 o

263 3226 345 3296 igitur
371 3225 565 3281 dubitationem
595 3227 674 3286 simul
699 3227 758 3282 deci
777 3228 873 3284 endam
898 3243 959 3284 esse
984 3244 1077 3284 censa·
1128 3242 1178 3283 nee
1195 3227 1344 3282 inventario
1362 3225 1487 3283 Mende
1504 3241 1555 3282 neo
1568 3227 1621 3282 alio
1637 3226 1752 3282 circuitu
1764 3224 1941 3296 expectando,

263 3311 337 3349 mus:
368 3295 471 3364 placuit
500 3295 600 3349 etenim
623 3296 702 3350 nohis
728 3296 783 3351 slis
807 3296 836 3350 in
862 3295 1077 3352 institutionibus
1127 3303 1156 3351 et
1181 3295 1217 3350 sit
1241 3294 1344 3350 alienus
1370 3293 1523 3350 huiusmodi
1548 3292 1713 3361 hereditate,
1743 3293 1799 3350 ilie
1826 3308 1944 3362 onerosa

263 3361 1078 3511 ,spivueuusr‘iitiuirtui
1127 3361 1945 3500 umiduffiunuruuiw

265 3505 309 3552 tur
322 3496 414 3552 heredi
427 3497 587 3567 particulari
603 3497 677 3553 facto
692 3498 734 3553 rel
748 3499 827 3552 aliani
842 3503 892 3555 aut
905 3499 972 3555 alias
985 3504 1077 3570 partes
1101 3529 1104 3578 q
1126 3498 1179 3554 sibi
1196 3512 1257 3553 ease
1273 3496 1452 3554 necessariam
1470 3496 1700 3565 deliberationem,
1723 3497 1773 3553 sed
1793 3496 1873 3552 adeat
1891 3498 1942 3552 he·

266 3564 420 3619 hereditatis
439 3564 580 3620 admittere
596 3566 639 3621 rel
655 3566 735 3621 etiam
752 3565 971 3622 substitutionem
989 3568 1076 3638 papil-
1127 3567 1268 3622 reditatem
1286 3565 1327 3621 rel
1344 3580 1405 3621 sesa
1421 3566 1585 3632 immisceat,
1607 3566 1679 3621 omni
1695 3571 1785 3621 tamen
1800 3563 1878 3620 modo
1895 3564 1938 3619 in·

264 3633 356 3686 larem.
392 3630 426 3688 l).
445 3631 572 3712 prid-‚la
590 3631 657 3688 Mai.
677 3632 916 3713 Qomtmidaopoii
928 3647 997 3707 post
1013 3651 1077 3692 cori·
1101 3581 1104 3706 )
1126 3634 1276 3690 rmtaeium
1293 3633 1405 3704 abipso
1423 3633 1592 3699 conficiatur,
1614 3639 1646 3689 nt
1661 3634 1734 3692 intra
1749 3633 1856 3713 triginta
1872 3631 1947 3699 dies,

264 3699 384 3754 sulatum
400 3697 546 3773 Lanipudu
563 3706 591 3756 et
609 3699 714 3758 &ertia
730 3718 768 3759 ov.
787 3717 825 3757 ce.
962 3708 997 3769 [a.
1016 3708 1077 3769 bit]
1101 3711 1104 3790 Ι
1127 3706 1190 3773 post
1214 3707 1323 3772 apertas
1350 3701 1456 3758 tabulas
1482 3701 1523 3757 iel
1548 3704 1691 3772 postquam
1718 3707 1784 3757 nota
1808 3716 1833 3755 ei
1856 3699 1946 3755 luerit.

299 3763 337 3825 21
365 3764 441 3823 Idem
463 3772 496 3822 A.
520 3765 641 3823 Iohanni
659 3786 708 3842 pp.
752 3769 820 3824 (inm
846 3769 942 3840 aliquia
969 3771 1079 3841 scripsit
1101 3794 1104 3832 r
1127 3774 1255 3840 apertura
1279 3769 1434 3824 talamarum
1460 3771 1502 3825 iel
1528 3768 1645 3825 delatam
1673 3768 1725 3826 sibi
1750 3770 1785 3824 ab
1810 3769 1947 3824 intestato

264 3832 389 3891 heredem
412 3850 488 3903 euni,
515 3836 561 3904 qui
583 3836 617 3891 de
639 3851 690 3892 sua
713 3837 872 3893 condicione
888 3839 915 3893 ci
931 3839 977 3910 qui
993 3838 1078 3895 domi·
1127 3838 1301 3894 hereditatem
1319 3838 1473 3905 cognoverit
1486 3836 1675 3902 numerandos,
1692 3837 1833 3893 mundium
1850 3836 1946 3908 capiat

264 3902 338 3959 iilum
362 3903 422 3959 eins
448 3902 602 3961 dedicabat
626 3904 655 3959 in
679 3905 779 3962 iudicio
811 3905 1020 3972 adversabatur,
1053 3908 1078 3962 is
1125 3905 1305 3962 inventarium
1322 3921 1404 3975 super
1420 3905 1463 3960 his
1480 3905 1577 3973 rebus,
1600 3920 1668 3974 quas
1685 3905 1830 3961 defunctus
1846 3904 1946 3962 morlia

263 3971 419 4052 antemqni
435 3970 571 4027 dominum
592 3987 652 4028 sese
674 3972 782 4054 dicebat
802 3973 876 4028 adire
892 3988 954 4029 eum
972 3975 1077 4031 heredi
1100 3979 1162 4055 ,η
1200 3982 1321 4055 tempore
1345 3973 1474 4029 habebat
1522 3971 1561 4054 iit
1585 3972 1640 4056 (ιιι
1663 3973 1843 4054 inventarium
1869 3973 1946 4028 intra

262 4039 1078 4191 tumuisset:dirumperetur
1100 4054 1103 4149 ι
1126 4039 1946 4191 eustatiuntreuuetuueu

263 4174 397 4255 dubitatio
419 4176 555 4230 ueteribus
578 4183 673 4256 exorta
689 4184 744 4242 est,
768 4194 792 4233 si
803 4193 864 4299 θυι
879 4193 970 4248 poena
987 4180 1011 4234 ei
1026 4180 1076 4234 lni-
1100 4168 1102 4204 ¹
1127 4178 1159 4234 tb
1193 4178 1266 4233 modi
1283 4177 1479 4234 coniectionem
1496 4177 1641 4233 necessarii
1657 4183 1729 4233 sunt
1756 4176 1945 4258 Subscriptio·

266 4248 278 4297 t
314 4249 425 4313 pomtur
441 4242 594 4299 huiusmodi
611 4244 777 4301 uiolentiae.
829 4253 917 4302 stares
934 4248 963 4301 iii
976 4247 1077 4303 multas
1126 4263 1187 4302 nem
1209 4250 1300 4302 tamen
1321 4261 1474 4317 supponere
1495 4246 1621 4300 heredem
1643 4260 1754 4301 neceam
1779 4251 1832 4313 est,
1858 4260 1946 4314 suni·

263 4310 439 4365 retrahuntur
467 4312 627 4381 sententias,
654 4311 703 4368 sed
725 4329 777 4369 nos
800 4328 893 4369 eorum
915 4314 1077 4370 discordiam
1125 4315 1252 4371 boantem
1266 4322 1294 4368 et
1308 4315 1488 4383 quantitatem
1503 4330 1593 4369 rernm
1608 4320 1636 4368 et
1668 4312 1811 4368 uodnulla
1819 4313 1940 4382 maligni·

263 4377 304 4433 slc
322 4392 381 4433 esse
398 4375 573 4433 decidendam
590 4394 743 4447 censemus,
765 4383 798 4461 nt
815 4381 952 4438 deducto
969 4382 1077 4438 subtilis
1126 4389 1183 4438 tate
1208 4383 1282 4438 circa
1307 4396 1353 4436 eas
1379 4382 1415 4437 ab
1438 4396 1470 4437 eo
1493 4381 1568 4462 lacta
1590 4382 1630 4436 rel
1699 4380 1779 4436 'enda
1799 4396 1843 4437 res
1867 4380 1946 4450 apud

264 4450 279 4499 2
316 4459 414 4501 causae
431 4445 466 4500 tm
487 4452 593 4502 oriatur.
623 4445 678 4502 Ee·
694 4449 718 4504 si
735 4448 842 4519 quidem
859 4449 899 4504 ita
916 4450 1019 4521 scripta
1035 4459 1078 4506 est
1126 4467 1187 4506 eum
1213 4454 1388 4512 remanent¹¹‚
1416 4450 1457 4504 iel
1482 4466 1505 4504 si
1528 4449 1637 4518 ignarm
1661 4449 1697 4504 sit
1721 4449 1872 4508 litterarum
1897 4448 1940 4503 rel

262 4513 410 4570 institutio:
439 4513 461 4543 ⁰¹
484 4530 528 4568 nm
554 4530 660 4570 serrum
685 4515 757 4572 illius
783 4516 908 4572 heredem
941 4518 1077 4583 lustituo’,
1126 4519 1245 4574 scrihere
1261 4516 1443 4588 praepeditur,
1461 4516 1573 4587 speciali
1586 4515 1721 4572 tabulario
1736 4516 1772 4571 ad
1786 4516 1839 4573 hoc
1852 4516 1947 4573 solum

263 4581 328 4653 qnia
344 4581 542 4662 apertissimum
560 4589 603 4637 est
620 4583 719 4639 intuitu
735 4585 835 4640 domini
852 4599 912 4641 essa
929 4585 1076 4642 institutio·
1126 4585 1287 4652 adhibendo,
1313 4594 1345 4639 ut
1365 4601 1415 4655 pro
1441 4600 1474 4639 eo
1495 4584 1599 4640 litteras
1622 4589 1772 4666 supponat,
1794 4585 1947 4641 venerabili

262 4656 537 4774 ”dedititii
552 4651 919 4792 tiitmtlituidii
940 4668 981 4776 ,i
1000 4669 1076 4779 tte:
1126 4650 1947 4789 tit⁰tmtt⁰d¹thtttttattitlit

282 4785 374 4840 'tatem
391 4791 419 4840 et
435 4801 494 4840 eam
512 4786 667 4855 adquirere,
691 4788 758 4842 nulli
779 4795 869 4843 autem
889 4804 925 4845 ex
940 4789 1078 4860 postfacto
1127 4799 1142 4846 3
1169 4792 1195 4846 ei
1211 4789 1375 4845 tabularium
1392 4805 1443 4858 pro
1457 4804 1487 4844 se
1499 4788 1670 4844 subscribere
1685 4788 1865 4844 interfuerint.
1891 4786 1948 4843 Sim

264 4853 530 4974 gffluffmmjni’
540 4853 581 4974 dsai
603 4854 672 4909 liber
684 4856 972 4981 simma&
998 4874 1077 4983 omilig
1126 4864 1217 4916 autem
1234 4859 1314 4924 locis,
1336 4858 1364 4912 iu
1387 4855 1494 4980 quib&
1510 4872 1554 4979 rel?
1571 4855 1750 4979 Ιζὲιιιίἰὶῗὶιι
1767 4856 1808 4911 rel
1824 4856 1949 4937 maxima

1126 5003 1475 5050 e
1497 4928 1942 5047 “⁹‘'

263 5128 279 5179 3
314 5121 478 5193 praeiudicio
547 5126 655 5181 erando.
682 5126 730 5182 Sin
747 5099 837 5183 autern
854 5129 932 5198 quasi
949 5128 1017 5184 liber
1032 5129 1075 5185 in·
1125 5130 1284 5185 mationem:
1305 5128 1406 5183 sufficit
1424 5127 1494 5182 enim
1511 5128 1661 5197 praelatum
1679 5135 1793 5208 tempus,
1811 5128 1863 5182 etsi
1879 5127 1941 5181 lon·

262 5191 374 5273 stitutus
397 5199 439 5245 est
461 5140 654 5271 uuheandomini
670 5194 712 5248 rel
734 5196 804 5251 serii
827 5196 963 5276 mentione
984 5197 1013 5252 iii
1034 5198 1075 5253 in·
1124 5198 1232 5279 perimo
1249 5195 1348 5277 ..spatio
1373 5195 1487 5277 ibunt,
1515 5201 1606 5251 tanim
1635 5194 1700 5250 dare
1723 5210 1762 5250 eis
1781 5195 1948 5275 facultatem

259 5265 403 5341 stitnuone
426 5258 533 5339 habita,
566 5267 631 5316 tnnc
659 5262 741 5343 nullo·
759 5262 884 5344 compelli
907 5265 987 5320 modo
1013 5280 1076 5321 eam
1124 5272 1268 5321 inventarii
1285 5264 1472 5319 conscribendi
1488 5262 1531 5318 rel
1555 5279 1605 5334 per
1621 5279 1652 5318 se
1668 5262 1709 5318 rel
1726 5278 1776 5331 per
1792 5265 1950 5318 iusti-natos

261 5328 337 5383 adire
354 5326 529 5385 hereditatem
550 5343 601 5386 nec
618 5330 744 5400 denegari
766 5330 920 5387 aihberale
936 5331 1075 5403 iudicium,
1124 5340 1314 5403 procuratores
1331 5331 1359 5387 in
1376 5333 1443 5387 locis
1460 5331 1508 5388 ubi
1525 5346 1569 5387 res
1586 5331 1690 5401 positae
1703 5338 1768 5386 sunt
1784 5329 1941 5385 mittendos

1065 5443 1935 5460 *ω’-

263 5502 296 5565 (ι)
318 5503 355 5554 aie
378 5497 443 5564 ΟΒ),
467 5497 672 5552 deliberationem
694 5499 775 5566 petita
796 5501 849 5555 lte·
871 5500 1076 5556 delibationem
1128 5504 1199 5555 atii
1257 5505 1293 5567 (t)
1309 5504 1334 5556 ei
1350 5507 1377 5555 ab
1392 5504 1426 5566 R,
1444 5522 1488 5555 osi.
1511 5504 1534 5558 0
1585 5503 1622 5566 (t)
1638 5521 1660 5554 e.
1679 5514 1704 5557 tt
1722 5504 1780 5556 bt·
1836 5503 1946 5566 (alsiosa

263 5568 366 5647 minime
382 5569 457 5634 petiit
473 5587 521 5620 scr.
600 5571 634 5632 (t)
651 5566 691 5619 vel
708 5566 783 5620 aliter
800 5569 824 5620 ai
840 5571 970 5635 cognitum
986 5577 1021 5621 sit
1036 5570 1077 5623 val
1127 5582 1208 5624 catat:
1221 5573 1254 5637 es.
1264 5572 1406 5625 Zachariae
1416 5570 1559 5625 Godana
1573 5571 1617 5622 dea
1630 5572 1836 5640 penitet-eoa.
1847 5568 1949 5622 Raab·

262 5636 295 5686 ab
313 5639 431 5714 intutato
448 5634 487 5688 rol
504 5651 535 5687 ex
552 5639 700 5688 momento
716 5654 763 5688 scri.
820 5640 854 5702 (t)
871 5653 929 5690 aum
946 5638 994 5691 dal-
1012 5637 1076 5690 Hal.
1128 5638 1166 5690 ed.
1183 5636 1218 5689 11
1226 5654 1253 5704 p.
1263 5646 1302 5690 itt
1356 5637 1405 5702 (lt)
1419 5637 1444 5689 ai
1460 5637 1496 5702 R,
1513 5657 1557 5691 on.
1579 5639 1602 5693 0
1653 5639 1697 5703 (ii)
1712 5640 1749 5692 as‘a
1764 5635 1812 5691 w
1828 5657 1881 5692 cisai
1899 5639 1940 5700 B,

264 5705 299 5766 (ι)
316 5718 343 5752 iii
365 5701 404 5768 0,
423 5722 467 5755 orii.
489 5703 548 5757 0³12
599 5706 633 5766 (b)
652 5709 689 5756 eat
705 5700 752 5769 R',
769 5724 813 5756 osa.
835 5705 915 5759 013⁶.
949 5708 985 5771 (t)
1002 5707 1076 5770 aio,
1129 5708 1240 5756 emanat
1261 5703 1354 5758 CRM·
